1858 3126
71 101 152 144 τοι]
465 101 588 143 Asylia
613 76 738 143 ωὲιιριῑ
762 100 849 134 nori
874 101 911 134 in
936 102 1073 144 oppido
1098 102 1249 135 Athribi.
1566 107 1649 147 503

68 239 115 273 ad
128 239 319 273 brachium
334 237 407 271 Nili
422 235 669 282 (Βουσιριτιιὸς
685 236 848 282 ποταμός)
863 239 934 272 sita
950 240 1184 281 cogitandum
1209 242 1275 273 αἱ.
1315 241 1391 274 Illic
1408 242 1525 274 Osirin
1548 251 1651 285 sepe-

69 297 191 330 livisse
218 295 401 330 lambatur
430 296 508 337 Isis,
537 305 610 338 qua
642 296 687 328 de
710 304 820 329 causa
843 295 933 329 deae
956 298 1133 339 templum
1159 298 1390 340 magnificum
1422 301 1649 332 exstructum

67 356 156 396 erat,
171 354 277 387 cuius
293 354 512 386 mentionem
531 353 615 386 facit
632 353 835 386 Herodotus
851 354 892 394 Π,
910 357 965 386 59.
984 357 1038 387 64.
1079 355 1118 387 ld
1135 355 1325 388 manifesto
1343 357 1401 389 hic
1421 357 1650 399 intellegitur.

69 414 112 444 n
142 411 282 444 Horum
311 409 511 443 verborum
545 411 637 444 ratio
668 419 710 443 ac
739 412 921 444 structura
953 413 1049 444 stare
1081 413 1207 454 nequit
1235 413 1305 445 nisi
1328 412 1387 446 ui
1414 415 1499 456 post
1523 412 1651 457 ἑτέροις

66 468 313 513 interpreteris
328 463 461 501 ‘etiam’
482 470 519 500 et
541 469 749 509 genetivum
771 472 839 501 τῶν
862 465 978 501 ἄλλων
1004 467 1101 512 ἱερῶν
1127 471 1298 511 partitive
1322 471 1524 513 intellegas:
1548 467 1648 504 ‘fano

65 525 247 568 Sarapidis
270 525 368 568 quod
392 527 449 558 est
465 526 622 568 Memphi
645 527 680 558 et
702 525 807 558 Isidis
831 525 932 567 quod
955 529 1010 559 est
1028 527 1144 559 Busiri
1169 529 1206 559 et
1228 527 1309 560 aliis
1333 528 1516 561 nonnullis
1538 529 1648 562 etiam

64 591 110 616 ex
132 583 358 625 reliquorum
382 583 603 625 templorum
627 578 808 615 numero’.

151 779 241 826 ’7⁶2
280 784 404 837 Lapis
432 784 629 824 calcarius
663 784 793 836 albus,
834 785 903 837 qui
936 788 1097 837 partem
1133 788 1253 824 antae
1291 786 1504 839 efficiebat,
1542 788 1648 827 inter

62 853 212 893 rudera
247 852 420 892 iacentia
460 852 568 892 infra
608 852 835 893 aedificium
878 854 1002 893 situm
1046 854 1152 894 inter
1194 855 1416 907 parietinas
1459 856 1643 909 Cibyrae,

61 921 271 962 meridi-
300 925 340 961 et
368 921 618 962 occidentem
646 934 791 962 versus
820 933 846 961 a
874 922 1037 963 theatro
1066 934 1230 975 magno,
1259 925 1471 964 meridiem
1500 937 1645 965 versus

61 990 115 1030 ab
144 990 262 1041 odeo,
291 990 344 1030 ab
369 991 577 1030 occidente
606 991 807 1042 attingens
837 992 947 1031 viam
968 1004 1019 1031 ex
1039 993 1130 1032 vico
1157 990 1371 1033 Cher-zum
1400 995 1642 1034 venientem.

62 1059 286 1112 Exscripait
315 1059 361 1098 R.
386 1059 614 1111 Heberdey,
645 1060 759 1100 cuius
779 1060 1015 1112 benignitati
1041 1061 1327 1114 apographum
1347 1063 1457 1114 quod
1476 1063 1544 1103 hic
1572 1076 1644 1104 ex-

61 1128 251 1181 primitur
279 1130 491 1181 acceptum
522 1128 621 1168 fero.

174 1239 189 1295 [
188 1263 362 1272 -------
395 1243 470 1282 τῶι
505 1240 652 1296 δήωωι
695 1239 798 1295 [rim
840 1238 1158 1327 [pegam-»12¹
1193 1242 1405 1298 μ]έ[ν]ειν’.
1451 1240 1553 1298 [ἐμὶν
1596 1245 1641 1286 δέ

150 1374 307 1407 Litterae
339 1374 481 1407 ΑΘΠΣ.
528 1372 771 1406 Memorabilis
806 1374 989 1416 antiquior
1021 1373 1135 1407 forma
1166 1375 1212 1408 Ξ.
1253 1375 1386 1408 Littera
1411 1378 1445 1409 0
1477 1376 1641 1419 plerum-

59 1439 132 1474 que
154 1431 305 1474 reliquia
327 1430 511 1473 aliquanto
538 1431 665 1463 minor.
705 1430 766 1463 Vs.
783 1432 803 1463 ⁴
830 1432 914 1473 post
939 1432 1166 1474 ΕΥΚΑΙΡΟΝ,
1199 1440 1253 1464 vs.
1273 1435 1292 1465 ⁵
1317 1435 1407 1466 extr.
1433 1434 1527 1466 inter
1547 1435 1581 1467 Τ
1603 1436 1640 1467 et

58 1490 104 1523 ΩΙ
129 1488 351 1531 singularum
369 1488 572 1521 litterarum
589 1488 706 1530 spatia
723 1497 839 1520 vacua
855 1487 992 1530 relicta,
1018 1498 1051 1521 v.
1072 1491 1113 1521 4ο
1137 1489 1232 1522 inter
1257 1490 1314 1523 ΕΞ
1337 1491 1375 1522 et
1391 1491 1519 1525 ΕΣΤΩ
1542 1494 1638 1534 octo,

58 1549 148 1580 ν.44
183 1546 278 1580 inter
299 1546 408 1580 ΤΑΙΣ
441 1547 478 1578 et
511 1546 766 1579 ΣΥΝΘΗΚΑΙΣ
796 1546 907 1578 trium
935 1546 991 1578 vel
1023 1547 1207 1588 quattuor.
1256 1547 1347 1580 Cum
1379 1548 1437 1581 his
1466 1548 1637 1582 omnihus

57 1604 147 1638 lods
162 1612 279 1646 neque
294 1603 492 1645 quicquam
509 1602 746 1644 daeideretur,
770 1611 888 1644 neque
904 1603 1215 1645 paragraphorum
1242 1606 1305 1637 aut
1320 1606 1481 1647 capitum
1506 1606 1637 1639 divisio

7 1662 11 1666 ’
57 1662 116 1703 sit,
138 1662 260 1704 partes
284 1659 485 1703 superficiei
509 1659 555 1692 ad
579 1660 717 1693 litteras
739 1660 948 1693 incidendas
970 1661 1091 1693 miuus
1115 1660 1265 1694 idoneas
1289 1671 1309 1694 a
1333 1662 1488 1704 lapicida
1506 1664 1637 1697 vitatas

56 1726 138 1752 asse
167 1717 462 1751 existimaverim.
607 1720 620 1748 4
657 1717 794 1750 Horum
825 1717 1087 1750 vocabulorum
1118 1718 1304 1760 relliquiae
1335 1721 1478 1752 exstant
1508 1720 1635 1753 haece:

55 1790 106 1809 u·
134 1783 207 1809 uu·
234 1774 360 1808 ,Me-1
375 1799 384 1807 .
432 1773 686 1816 Cibyratarum
716 1782 802 1807 cum
827 1774 997 1807 Romanis
1027 1774 1156 1807 foedus
1186 1776 1245 1807 hic
1276 1776 1368 1817 lapis
1392 1776 1559 1818 habebat,
1590 1778 1635 1810 de

55 1841 131 1875 quo
152 1831 249 1865 nulla
272 1831 420 1874 quidem
449 1831 546 1874 apud
569 1831 766 1873 scriptores
795 1834 913 1864 exstat
938 1833 1125 1874 memoria,
1155 1832 1219 1865 sed
1250 1832 1352 1865 brevi
1384 1836 1467 1875 post
1497 1843 1632 1867 annum

56 1891 124 1923 488
146 1898 179 1922 a.
194 1889 278 1923 Chr.
294 1898 329 1922 ιι.
353 1889 488 1922 factum
513 1897 593 1922 ωδε,
616 1890 749 1922 conicit
773 1889 810 1921 B.
822 1889 930 1921 Niaee
955 1889 1081 1921 Gesch.
1106 1890 1172 1922 der
1194 1899 1246 1931 gr.
1271 1899 1305 1922 u.
1331 1890 1471 1923 maked.
1490 1891 1633 1924 Staaten

54 1946 102 1979 111
124 1955 160 1989 p.
178 1949 234 1989 ⁶⁴,
256 1955 366 1989 quem
390 1946 581 1988 Heberdey
604 1948 639 1979 et
661 1946 820 1987 Zingerle
844 1946 889 1978 de
913 1947 982 1979 hoc
1005 1946 1125 1988 lapide
1149 1947 1296 1979 invento
1322 1948 1516 1980 certiorem
1540 1947 1633 1980 faee-

54 2005 147 2037 rant-
161 2003 292 2049 ‘cuins
315 2004 476 2046 opinioni
499 1993 818 2046 palaeographicae
837 2003 984 2045 quidem
1010 1992 1046 2035 et
1070 2004 1371 2045 orthographicae
1394 2005 1552 2038 rationes
1577 2005 1632 2046 (cf.

55 2062 129 2094 not.
147 2061 178 2102 8)
194 2060 326 2094 tavent,
360 2061 428 2093 Sed
443 2061 543 2103 quod
558 2061 656 2103 dicit,
681 2069 769 2103 pace
788 2061 871 2093 anni
890 2063 954 2092 488
972 2069 1003 2093 a.
1019 2060 1101 2093 Chr.
1127 2060 1335 2103 Cibyratida
1359 2070 1467 2094 suum
1484 2070 1631 2095 conser-

55 2126 162 2151 vasse
174 2117 365 2160 dynastam
390 2120 427 2151 et
442 2127 526 2151 cum
542 2118 715 2151 Romanis
731 2118 858 2151 foedus
878 2118 1059 2160 peculiare
1077 2118 1215 2160 fecisse,
1238 2118 1276 2150 id
1292 2118 1339 2151 ab
1354 2119 1464 2151 huius
1480 2119 1629 2161 quidem

53 2174 153 2207 tituli
167 2177 379 2216 argumento
390 2175 650 2208 alienissimum
667 2178 732 2208 est.
769 2175 960 2214 Quomodo
979 2176 1074 2208 enim
1087 2175 1165 2208 fieri
1183 2176 1312 2217 potuit,
1330 2178 1372 2208 ut
1383 2176 1477 2208 inter
1487 2178 1630 2208 utrum-

54 2240 127 2274 que
149 2232 326 2274 populum
350 2232 396 2264 de
417 2232 560 2264 foedere
575 2233 784 2265 conveniret
801 2232 896 2265 nulla
913 2232 1128 2274 cuiusquam
1146 2234 1332 2274 praeterea
1355 2233 1513 2265 hominis
1529 2241 1630 2265 men—

54 2289 152 2321 tione
174 2287 279 2330 facta,
301 2289 333 2321 si
357 2291 435 2320 tum
459 2289 568 2321 etiam
585 2289 777 2332 Cibyratae
793 2289 863 2322 sub
887 2290 1032 2331 tyranni
1055 2290 1303 2323 dominatione
1326 2287 1502 2321 fuissent?
1538 2290 1629 2322 Sane

53 2346 177 2378 Livius
193 2345 383 2386 xxxvm,
400 2347 455 2386 44,
473 2347 491 2376 3
517 2345 561 2378 de
584 2355 678 2378 anno
696 2349 760 2378 489
778 2356 809 2379 a.
827 2346 907 2379 Chr.
932 2346 1023 2380 baec
1043 2346 1167 2379 habet:
1194 2344 1475 2389 haudproeula
1494 2342 1629 2389 Cibyra

53 2399 1626 2447 abnmgnoeleqmiouuaauoaqeoetymnmoivitatssm,homimadomm

0 2462 10 2490 ‘4
53 2457 171 2502 infido
192 2461 298 2502 atque
314 2457 533 2502 importum,
549 2457 717 2492 veniebat.
756 2460 891 2492 Deinde
914 2463 1046 2502 narrat,
1071 2460 1255 2503 quomodo
1272 2460 1333 2493 Cn.
1350 2460 1502 2493 Manlius
1513 2461 1626 2493 volso

0 2509 5 2545 vs
53 2517 182 2550 consul
206 2516 253 2549 ab
276 2525 321 2548 eo
338 2517 438 2558 pacis
460 2516 617 2557 pretium
634 2518 779 2549 centum
803 2518 936 2550 talenta
960 2520 996 2549 et
1017 2517 1143 2550 decem
1160 2518 1258 2550 milia
1275 2518 1499 2550 medimnum
1516 2517 1626 2549 tritici

0 2600 2 2602 ,
53 2574 254 2607 extorserit.
294 2573 384 2606 Cum
410 2573 519 2614 igitur
541 2574 693 2614 constet,
716 2582 788 2605 non
812 2582 897 2605 cum
919 2576 1075 2616 tyranno
1100 2575 1171 2607 hoc
1186 2574 1286 2616 quod
1308 2575 1475 2606 tenemus
1498 2573 1626 2606 foedus

53 2620 188 2663 Iactum
211 2639 301 2672 mse,
325 2630 480 2672 amplius
496 2629 745 2671 quaerendum
771 2631 851 2671 erit,
874 2640 948 2672 quo
971 2633 1135 2673 tempore
1150 2631 1333 2673 tyrannidi
1349 2631 1529 2671 Moagetae
1545 2629 1625 2662 finis

54 2685 245 2728 impositus
268 2688 325 2720 sit.
374 2686 451 2726 Qua
481 2686 525 2719 de
557 2695 595 2719 re
628 2687 716 2719 satis
740 2686 885 2719 definite
915 2687 1002 2719 dicit
1025 2688 1154 2720 Strabo
1176 2688 1270 2728 xm,
1289 2689 1320 2729 t,
1337 2689 1381 2718 47
1404 2695 1440 2728 p.
1458 2688 1536 2718 6³⁴:
1570 2684 1627 2718 ἐπὶ

54 2738 233 2787 Mna-{emo
257 2739 286 2776 δ’
301 2743 326 2788 ἡ
347 2743 503 2788 τυραννὶς
533 2742 632 2780 τέλος
664 2742 754 2789 ἔσχε,
784 2741 1038 2780 καταλύσαντος
1070 2742 1174 2788 αὐτὴν
1205 2740 1374 2787 Μουρήνα
1402 2741 1462 2775 mi.
1483 2739 1625 2779 Λυιίοις

54 2797 311 2843 mptum-ro<
332 2800 376 2834 τὰ
398 2798 583 2845 Βάλβουρα
606 2800 665 2833 καὶ
688 2799 752 2843 τὴν
775 2797 963 2843 Βουβῶνα·
995 2798 1093 2833 οὐδὲν
1118 2798 1147 2831 δ’
1163 2799 1265 2843 ἧττον
1295 2798 1333 2832 ἐν
1356 2801 1432 2836 ταῖς
1455 2796 1624 2843 μεγίσταις

55 2853 243 2896 ἐξετάζεται
275 2855 465 2903 ὃιοαήσεσι
500 2861 563 2902 τῆς
597 2854 703 2908 lisia<
737 2855 761 2901 ἡ
798 2853 1021 2901 Κιβυρατιιή.
1078 2857 1123 2888 At
1157 2857 1340 2889 Murenam
1377 2855 1623 2888 Romanorum
