1858 3126
35 139 118 183 ⁷⁰⁸1
550 137 659 170 Sacra
681 135 863 177 Sarapidis
887 136 925 167 et
947 134 1104 167 Antinoi.
1534 133 1615 174 437

149 275 219 320 καὶ
256 274 262 332 Ι
303 275 548 332 ἱερόφωνος3
583 276 655 316 τοῦ
695 271 834 328 κυρίου
878 268 1138 327 Σαροίιιιδος4ι
1174 270 1482 327 εὖχαριστήριον
1521 267 1618 324 ὑπὲρ

149 343 450 401 Τριπτολέμαςῦ
482 342 487 399 Ι
521 342 704 397 ἀνέθηκα
733 337 788 384 ἐπ’
816 340 1001 397 ἀγαθῷθ.

33 477 244 511 incredibile
277 478 343 510 est.
390 477 508 508 Immo
541 474 735 508 delubrum
760 473 942 516 Sarapidis
975 481 1061 505 cum
1094 472 1272 514 proximis
1297 470 1422 513 oppidi
1454 469 1621 512 partibus

32 534 226 578 significari
242 534 398 576 videtur,
423 535 465 566 ut
488 543 522 566 n.
542 535 597 575 85,
615 534 646 565 4.
663 535 683 565 5
708 533 765 565 est
788 529 979 576 φυλαιίτης
994 529 1102 563 τόπου
1119 525 1352 574 Ἀμμωνιείου.
1466 530 1484 559 3
1515 527 1621 567 Eum,

33 594 140 626 cuius
163 600 255 626 voce
279 591 426 626 oracula
449 590 508 624 dei
532 589 826 633 pronuntientur,
850 588 1057 630 intellegere
1081 587 1183 620 iubet
1207 587 1397 627 Letronne,
1421 586 1486 627 qui
1510 585 1622 627 aptis-

34 650 127 683 sime
158 649 298 683 confert
327 657 458 682 vocem
495 645 721 692 ἱερόγλωσσος
757 647 795 679 in
824 647 1086 689 epigrammate
1118 644 1217 687 apud
1247 643 1461 677 Pausaniam
1487 643 1621 685 perieg.

33 706 93 749 Vl,
117 709 173 748 47,
197 709 227 740 6.
275 705 356 740 Non
380 705 454 739 sere
477 705 661 747 discrepat
683 704 784 737 Bassi
815 703 976 737 officium
1009 703 1055 736 ab
1087 711 1131 736 eo
1163 701 1262 744 quod
1288 701 1436 743 Delphis
1468 702 1505 732 et
1537 699 1623 733 alibi

32 762 212 810 προφήτου
235 763 478 806 appellatione
494 761 728 804 significatur.
770 761 886 794 Etiam
913 758 1104 805 θεσπιῳδός
1128 759 1306 802 Apollinis
1329 758 1437 792 Clarii
1462 758 1507 798 (n.
1523 756 1621 798 5305)

33 822 133 855 certe
164 821 375 855 simillimus
403 822 469 854 est.
603 822 621 853 4
653 820 704 852 De
728 819 911 862 Sarapidis
941 819 1054 852 sacris
1088 827 1109 851 a
1137 818 1344 850 Ptolemaeo
1370 816 1453 857 Lagi
1484 815 1506 848 f.
1538 823 1623 847 con·

33 878 118 912 ditis
150 878 194 912 ci.
226 887 258 912 n.
287 877 366 920 ⁴8⁴,
396 877 441 911 de
471 878 642 920 Sarapieo
668 877 904 910 Alexandriae
937 876 975 909 Ο.
1001 876 1196 908 Puchstein
1226 883 1283 917 ap.
1310 872 1624 916 Pauly-Wissowa

33 935 380 978 Roalencyklopadio
397 936 422 978 1,
440 938 460 967 2
485 943 520 977 p.
539 937 639 967 4386.
758 938 777 967 5
808 934 949 967 Mireris
973 933 1108 966 nullam
1126 932 1210 965 addi
1227 931 1506 965 necessitudinis
1530 938 1624 972 quae

34 992 121 1026 huic
144 993 288 1026 mulieri
319 1001 404 1026 cum
427 993 541 1026 Basso
566 991 767 1025 intercedat
790 990 1101 1034 significationem.
1150 989 1219 1023 Sed
1244 989 1287 1022 cf.
1313 999 1347 1022 n.
1366 991 1432 1021 2⁰7
1460 985 1625 1031 Αὐφίδιος

35 1045 190 1095 Κλήμης
218 1068 265 1074 -
293 1049 331 1083 τὸ
366 1048 613 1095 προσκύνηΙμα]
650 1047 784 1094 ἐπόησα
811 1066 859 1072 -
888 1046 1110 1091 ΠωλλΙὶτ]της
1145 1046 1204 1080 καὶ
1240 1051 1308 1080 τῶν
1347 1044 1442 1079 ἰδίων
1477 1044 1624 1078 πάντων.

34 1106 232 1151 Utrobique
257 1116 408 1141 uxorem
426 1108 552 1150 potius
577 1107 814 1140 intellexerim
833 1115 943 1148 quam
968 1105 1091 1138 filiam.
1211 1108 1230 1137 6
1260 1104 1428 1137 Formula
1453 1104 1490 1135 in
1508 1102 1624 1135 titulis

35 1164 224 1207 Aegyptiis
253 1165 503 1201 usitatissima,
528 1163 751 1206 respondens
784 1163 856 1196 iere
893 1163 963 1195 illis
995 1163 1204 1195 Latinorum
1240 1159 1343 1201 Quod
1373 1159 1508 1194 bonum
1538 1157 1627 1202 sehin

35 1218 268 1272 faustumque
290 1220 340 1255 sit
371 1221 429 1254 vel
456 1221 677 1254 Graecorum
709 1219 823 1267 ἀγαθῇ
857 1219 956 1264 τύχῃ.
999 1219 1216 1261 Plerumque
1241 1228 1261 1251 a
1285 1218 1408 1251 verbis
1436 1216 1626 1250 dedicandi

38 1278 292 1320 similibusque
322 1278 455 1320 pendet
480 1276 647 1322 (ἀνέθηκα
678 1278 737 1310 hic
761 1280 798 1310 et
822 1286 855 1309 n.
874 1279 952 1318 747,
971 1279 1002 1319 8,
1033 1273 1280 1309 κατεσκεύασεν
1306 1285 1338 1308 ιι.
1358 1278 1436 1317 704,
1457 1278 1487 1317 6,
1517 1273 1626 1318 ἀνώρ-

37 1333 149 1370 θωσεν
175 1345 208 1368 ιι.
226 1337 263 1367 74
273 1339 304 1378 0,
323 1339 354 1378 5,
386 1333 526 1379 ἐκτίσθη
550 1345 585 1368 ιι.
603 1337 680 1377 722,
700 1335 765 1376 43).
807 1324 983 1376 Ρυιεθυιῆ
1015 1335 1115 1366 totus
1147 1333 1275 1366 titulus
1307 1333 1367 1365 hic
1392 1331 1514 1365 verbis
1549 1331 1626 1364 fini-

37 1394 110 1434 tur,
134 1392 328 1435 aliquando
353 1392 441 1425 nihil
466 1393 533 1425 nisi
559 1393 736 1434 temporis
762 1394 846 1424 nota
871 1393 955 1434 post
978 1400 1020 1424 ea
1045 1391 1214 1432 infertum
1241 1391 1355 1423 multo
1381 1390 1499 1422 rarius
1524 1389 1626 1422 initio

37 1449 285 1492 inscriptionis
309 1449 532 1482 collocantur
555 1451 598 1482 ut
622 1459 656 1482 n.
675 1452 752 1491 743,
771 1452 784 1480 4
824 1447 976 1495 εὐτυχῶς
1000 1447 1059 1482 καὶ
1088 1444 1136 1481 ἐπ’
1166 1446 1297 1493 ἀγαθῷ.
1346 1447 1395 1480 CI.
1421 1447 1457 1480 C.
1475 1447 1627 1480 Wachs-

40 1507 145 1540 muth
168 1507 258 1540 Mus.
277 1507 340 1539 Rh.
356 1506 503 1539 XXVIII
528 1515 563 1548 p.
583 1509 659 1540 585.

128 1693 219 1737 '700
258 1697 341 1736 Ara
374 1697 520 1750 lapidis
556 1697 739 1748 grauitae
782 1697 895 1736 rubri
933 1698 1101 1735 inventa
1138 1696 1401 1748 Antinoupoli
1438 1691 1626 1747 (Schenk-

39 1762 210 1818 Alutae),
250 1768 386 1806 exstat
420 1766 461 1805 in
499 1778 640 1806 museo
677 1766 817 1818 oppidi
854 1763 980 1805 Cairo
1015 1777 1053 1804 n.
1079 1764 1204 1805 9274.
1261 1764 1332 1803 Ed.
1364 1765 1400 1803 J.
1429 1763 1474 1802 G.
1507 1763 1626 1802 Milne

41 1832 210 1890 History
239 1833 286 1874 of
310 1834 444 1887 Egypt
474 1834 519 1873 V.
571 1834 709 1874 Under
739 1835 897 1873 Roman
927 1835 1013 1873 rule
1044 1846 1084 1886 p.
1111 1833 1190 1872 ⁴94
1223 1845 1262 1872 n.
1290 1833 1339 1871 46
1357 1843 1396 1871 a.

111 1957 132 1989 5
154 1942 354 1988 Ἀντινόωι
368 1945 374 2002 Ι
386 1943 599 2002 Ἐπιφανεῖ
609 1948 624 1975 1
640 1947 644 2001 Ι
660 1947 806 1993 Φεῖὃος
818 1943 984 1993 Ἀκύλας
995 1948 1012 1974 2
1031 1945 1035 2002 Ι
1053 1943 1343 2002 ἐπιστράτηγος
1358 1944 1369 2001 Ι
1386 1943 1624 2000 Θηβαῖδοςῧ.

134 2069 289 2112 Litterae
321 2080 433 2113 ΕΠΟ.
474 2079 535 2112 Vs.
560 2081 580 2112 2
618 2080 654 2111 in
690 2079 831 2121 syllaba
860 2090 909 2111 νει
942 2085 964 2113 ε
996 2079 1146 2121 reliquis
1181 2078 1311 2110 litteris
1347 2078 1627 2120 multohminor.

0 2134 5 2141 “’
43 2137 57 2167 4
89 2134 140 2168 Cf.
165 2135 201 2168 P.
217 2145 290 2169 von
314 2137 462 2169 Rohden
493 2146 550 2179 ap.
574 2137 888 2178 Pauly-wissowa
911 2136 1260 2179 Realencyklopadie
1285 2137 1348 2178 1‚2
1374 2144 1409 2178 p.
1427 2137 1517 2167 2439
1543 2144 1577 2167 ιι.
1596 2137 1627 2176 5,

0 2200 2 2202 ’
41 2191 108 2224 uhi
131 2191 176 2224 de
200 2191 332 2225 divinis
356 2193 559 2226 honoribus
582 2194 736 2227 Antinoo
762 2196 846 2236 post
872 2195 1027 2227 mortem
1054 2195 1078 2235 (4
1090 2196 1130 2226 30
1157 2203 1192 2236 p.
1212 2193 1294 2226 Chr.
1313 2194 1357 2233 n.)
1384 2192 1518 2225 habitis
1542 2200 1625 2224 cum

42 2249 140 2291 alibi,
166 2249 277 2282 veluti
295 2250 456 2292 Lanuvii,
480 2252 559 2283 tum
577 2252 614 2283 in
629 2251 794 2294 Aegypto
812 2252 1019 2284 testimonia
1036 2252 1270 2293 scriptorum,
1296 2250 1498 2291 titulorum,
1523 2258 1629 2281 num-

10 2356 13 2357 ?
43 2315 191 2340 morum
221 2307 425 2349 composita
456 2307 578 2340 habes.
634 2308 713 2346 Quo
744 2310 863 2342 minus
895 2310 1028 2341 mirum
1060 2311 1125 2351 est,
1163 2310 1281 2350 ipsam
1312 2307 1442 2340 urbem
1474 2307 1630 2348 Aegypti

16 2400 18 2402 v
43 2363 98 2405 (cf.
125 2373 158 2396 n.
176 2362 268 2404 7043)
294 2372 404 2405 quam
429 2364 579 2396 honoris
611 2365 690 2398 eius
715 2374 823 2399 causa
853 2366 1064 2398 condiderat
1087 2367 1287 2408 imperator
1313 2365 1366 2406 (cf.
1392 2365 1538 2397 Cassius
1562 2365 1629 2396 Dio

42 2420 164 2463 LXIX,
183 2422 237 2462 44,
257 2423 274 2452 3
301 2421 443 2462 aliaque
459 2430 552 2462 quae
577 2420 681 2454 affert
695 2432 731 2454 v.
748 2423 786 2454 R.
803 2423 826 2456 l.
844 2423 878 2463 l.)
901 2424 1099 2456 Antinoum
1123 2423 1233 2456 deum
1265 2423 1404 2455 cultum
1423 2430 1518 2463 esse;
1544 2431 1629 2454 nam

11 2477 167 2526 ᾖῶυιιιιι,
191 2487 263 2510 ιιοιι
281 2479 401 2519 heroa,
426 2478 562 2527 indicat
578 2479 763 2519 epitheton
788 2477 965 2524 ἐπιφανής.
1007 2480 1054 2512 Cf.
1080 2489 1114 2512 n.
1134 2483 1174 2511 90
1186 2479 1223 2512 ¹9.
1243 2479 1351 2512 44489.
1471 2481 1490 2510 2
1522 2479 1629 2511 Pleno

5 2522 189 2578 faemine
226 2535 338 2567 Iulius
375 2526 659 2577 Fidus'Aquila,
690 2537 834 2576 praeter
862 2537 959 2568 hunc
991 2537 1138 2569 titulum
1174 2539 1282 2569 notus
1313 2546 1358 2569 ex
1396 2536 1631 2578 inscriptione

28 2590 29 2593 ’
47 2593 273 2631 monumenti
297 2592 397 2634 quod
421 2592 521 2624 fratri
546 2592 585 2630 Q.
604 2592 693 2624 lulio
717 2592 752 2624 C.
771 2592 793 2624 f.
810 2593 960 2634 Aquilae
980 2593 1190 2634 ponendum
1216 2594 1360 2626 curavit
1380 2593 1502 2625 Siccae
1518 2592 1630 2623 Vene-

47 2647 123 2680 riae
138 2648 176 2681 C.
192 2648 217 2682 1.
234 2649 309 2687 Lat.
322 2649 411 2691 VIII,
431 2651 555 2682 45872.
596 2648 645 2681 Cf.
671 2649 710 2680 H.
722 2649 860 2681 Dessau
877 2650 1091 2691 Prosopogr.
1108 2651 1196 2692 imp.
1214 2650 1316 2683 Rom.
1335 2650 1364 2681 II
1382 2651 1485 2691 ρ.494
1510 2651 1629 2681 n.2o5.

51 2703 71 2734 8
102 2703 151 2736 Cf.
176 2713 210 2737 n.
226 2705 321 2749 4034,
345 2706 409 2739 ubi
432 2715 519 2739 sane
542 2706 641 2748 quod
659 2706 945 2738 Ptolemaeumv
965 2706 1188 2748 Epiphanem
1208 2707 1448 2748 epistrategos
1469 2705 1631 2746 primum

49 2758 252 2794 instituisse
274 2762 360 2805 dixi,
384 2763 420 2795 id
437 2773 536 2796 mera
558 2763 791 2804 P.M.Meyeri
812 2763 1021 2795 coniectura
1038 2763 1167 2795 nititur
1188 2771 1306 2804 neque
1330 2763 1404 2794 ullo
1421 2762 1630 2794 testimonio

51 2815 295 2851 confirmatur.
