1858 3126
228 162 311 204 486
865 160 923 193 IX.
960 160 1161 203 Appendix.
1683 161 1811 204 [7⁴5—

345 296 608 353 [Βασίλισσαν
635 294 857 352 Ἀ]πάμ.ην1
881 297 1094 354 βαΙσιλέως
1121 294 1350 354 Ἀντιόχουῖ
1372 296 1378 354 Ι
1401 298 1423 339 ὁ
1455 298 1594 354 δῆμος]
1626 299 1647 339 ὁ
1680 296 1814 353 Μιλη-

344 366 439 408 σίων
466 363 679 423 Ἀρ[τέμιὸι
711 365 937 421 Πυθείηι3].

321 509 334 537 ⁴
374 506 425 538 De
449 506 587 548 Apama
620 505 786 538 Antiochi
812 506 824 537 I
855 508 892 538 et
924 506 1143 538 Stratonices
1175 505 1246 538 filia
1279 505 1324 539 cf.
1351 505 1387 538 U.
1404 505 1569 538 Wilcken
1600 515 1657 549 ap.
1683 506 1813 548 Pauly-

228 563 409 596 Wissowa
446 562 792 606 Realencyklopadie
818 563 831 594 1
856 565 876 594 2
907 571 942 605 p.
961 565 1048 595 2662
1076 572 1110 595 n.
1131 565 1161 605 3,
1198 564 1261 604 qui
1298 571 1377 596 eam
1414 562 1487 596 fere
1524 565 1584 596 294
1616 573 1648 597 a.
1671 563 1752 596 Chr.
1778 572 1815 596 n.

229 622 350 653 natam
381 628 472 662 esse,
504 629 575 653 non
606 622 690 662 post
715 621 780 652 27¹0
807 628 838 652 a.
855 619 936 653 Chr.
986 620 1108 661 Magae
1142 620 1335 653 Ptolemaei
1360 621 1390 652 II
1423 619 1523 653 fratri
1554 621 1722 663 nupsisse
1752 620 1815 653 de-

229 679 419 712 monstrat.
460 678 550 710 Cum
576 678 695 719 Magas
721 678 944 719 Cyrenarum
971 686 1033 710 rex
1058 687 1088 710 a.
1107 680 1173 710 258
1198 687 1229 710 a.
1247 677 1329 710 Chr.
1355 678 1582 721 decessisset,
1607 678 1667 711 illa
1686 678 1815 711 Deme-

228 736 341 768 trium
370 735 539 776 Antigoni
564 735 722 767 Gonatae
754 735 901 767 fratrem
938 735 1138 776 arcessivit,
1174 736 1216 767 ut
1245 734 1356 768 filiam
1387 744 1432 768 ex
1461 735 1563 777 Maga
1586 737 1815 778 procreatam

228 793 424 826 Berenicen
443 793 480 825 in
504 793 777 826 matrimonium
796 793 944 825 duceret
959 801 1185 834 regnumque
1203 793 1429 834 Cyrenarum
1454 794 1646 826 tutaretur.
1685 793 1732 826 At
1755 793 1816 825 ille

229 851 367 883 incesto
401 859 528 883 socrus
562 859 686 883 amore
719 850 810 882 adeo
843 849 1002 882 incendit
1030 850 1300 892 Cyrenaeorum
1332 850 1468 892 odium,
1501 851 1541 883 ut
1567 851 1816 884 coniuratione

230 909 333 950 facta,
359 909 417 941 cui
442 908 521 950 ipsa
546 908 717 940 Berenice
742 916 876 950 sponsa
900 907 946 940 ab
971 907 1032 940 illo
1058 909 1179 949 spreta
1204 908 1385 950 intererat,
1411 909 1612 941 necaretur.
1656 908 1818 950 Apamae

231 975 315 999 sane
340 966 504 1008 pepercit
528 965 620 998 filiae
646 965 773 1008 pietas,
806 965 869 998 sed
893 967 978 1007 post
1001 965 1090 997 illud
1116 966 1262 1007 tempus
1287 973 1469 1008 nusquam
1494 966 1573 998 eius
1604 966 1739 999 mentio
1764 965 1813 998 fit.

231 1024 305 1056 Hoc
330 1024 607 1056 monumentum
638 1022 846 1055 dedicatum
873 1022 1017 1055 videtur
1042 1024 1124 1054 ante
1150 1022 1425 1055 matrimonium
1456 1023 1588 1065 Magne,
1620 1031 1705 1055 cum
1730 1024 1815 1066 quia

231 1081 352 1114 mariti
383 1081 518 1113 mentio
550 1089 623 1113 non
655 1079 707 1122 fit,
741 1080 819 1112 tum
852 1080 937 1122 quia
969 1081 1096 1122 postea
1121 1081 1182 1112 vix
1214 1082 1292 1112 erat
1323 1089 1390 1112 cur
1412 1080 1540 1113 Milesii
1570 1089 1650 1113 eam
1675 1082 1817 1113 statuae

231 1139 368 1171 honore
393 1137 586 1170 afficerent.
627 1137 780 1178 Reginae
805 1137 1085 1179 appellationem
1113 1145 1199 1170 sane
1223 1137 1270 1170 ab
1294 1137 1564 1170 Haussoulliero
1589 1139 1687 1170 recte
1711 1146 1817 1180 repo-

231 1196 339 1228 sitam
364 1203 444 1228 esse
469 1195 600 1227 docent
630 1195 738 1236 spatii
764 1194 934 1228 rationes.
983 1194 1051 1226 Sed
1080 1203 1160 1227 eam
1185 1194 1295 1226 etiam
1323 1194 1526 1236 virginibus
1549 1195 1674 1237 stirpis
1697 1195 1818 1236 regiae

232 1252 344 1285 tribui
369 1261 565 1285 consuesse
591 1252 722 1285 docent
739 1251 844 1284 tituli.
885 1251 934 1284 Cf.
953 1261 987 1284 n.
1007 1251 1081 1284 351.
1199 1254 1218 1283 2
1250 1252 1478 1285 Antiochusl
1503 1252 1607 1285 Soter
1623 1253 1808 1292 (seo—26⁴

234 1320 263 1342 a.
283 1310 363 1342 Chr.
383 1309 441 1351 ιι).
560 1313 577 1341 3
612 1309 660 1342 Cf.
688 1319 720 1341 n.
741 1307 815 1342 353.
842 1311 907 1340 226
919 1309 942 1341 ¹.
1791 1315 1793 1317 ·

319 1513 408 1556 746
449 1517 603 1555 Titulus
634 1517 858 1568 insculptus
889 1517 928 1555 in
950 1520 1071 1569 porta
1090 1516 1231 1569 oppidi
1251 1515 1414 1567 Xanthi,
1447 1528 1472 1555 a
1502 1516 1667 1556 sinistra
1684 1519 1819 1569 parte,

234 1586 416 1624 consulto
449 1585 620 1636 excisus,
653 1586 724 1624 sed
755 1586 811 1624 ita
841 1589 887 1624 ut
916 1589 1053 1625 tamen
1084 1597 1225 1625 omnes
1254 1586 1411 1625 litterae
1441 1585 1575 1625 adhuc
1601 1585 1817 1638 dispician-

232 1658 311 1693 tur.
364 1654 425 1692 Ex
456 1652 696 1705 apographo
733 1656 774 1692 et
804 1657 963 1706 ectypo,
1006 1665 1110 1706 quae
1146 1655 1362 1694 coniuncta
1396 1665 1523 1706 opera
1561 1653 1819 1694 confecerant

234 1723 280 1762 R.
304 1722 519 1774 Heberdey
549 1724 589 1762 et
617 1723 652 1761 J.
675 1722 869 1772 Zingerle,
903 1723 963 1761 ed.
989 1722 1033 1761 Ο.
1056 1723 1267 1762 Benndorf
1292 1723 1412 1763 Beitr.
1435 1734 1509 1762 zur
1527 1724 1634 1762 alten
1657 1721 1818 1774 Gesch.,

234 1791 473 1831 Festschrift
503 1791 568 1830 fiir
597 1789 641 1829 Ο.
666 1789 895 1829 Hirschfeld
924 1802 964 1842 p.
990 1789 1042 1828 77
1061 1790 1103 1829 C.

351 1901 552 1950 Βασιλεὺς
590 1903 713 1958 μέγας
739 1899 964 1959 Ἀνϊίοχῡς1
996 1903 1000 1958 Ι
1034 1902 1259 1959 ἀφιέρωσεν
1295 1902 1382 1958 τὴν,
1403 1903 1516 1944 πόλιν
1550 1903 1554 1957 Ι
1586 1906 1652 1957 τῆι
1683 1904 1822 1959 Λητῶι

305 1985 325 2016 5
352 1972 421 2014 καὶ
451 1975 524 2014 τῶι
548 1969 767 2014 Ἀπόλλωνι
799 1971 803 2027 Ι
836 1970 905 2013 καὶ
944 1975 1011 2026 τῆι
1042 1968 1264 2027 Ἀρτέμιὸιῖ
1294 1968 1362 2012 διὰ
1403 1970 1475 2027 τήν
1506 1970 1518 2027 ΙΙ
1545 1970 1643 2027 πρὸς
1675 1970 1820 2020 αὐτοὺς

353 2039 630 2082 συνάπτουσαν
666 2041 669 2094 Ι
703 2041 967 2096 συνγένειαν3.

329 2179 482 2211 Litterae
515 2179 623 2210 ΑΠΣ.
744 2180 755 2209 4
795 2178 886 2209 Vere
919 2179 1000 2210 anni
1038 2180 1100 2210 ⁴97
1129 2187 1159 2210 a.
1178 2178 1259 2210 Chr.
1283 2187 1316 2210 n.
1353 2178 1552 2210 Antiochus
1589 2179 1633 2210 111
1670 2178 1819 2220 Magnus
1847 2179 1858 2206 ’ἓ

235 2245 320 2268 cum
355 2243 483 2276 magna
515 2235 628 2267 classe
657 2243 701 2266 ex
734 2235 835 2275 Syria
862 2233 1048 2275 profectus
1073 2236 1138 2276 est,
1170 2236 1211 2267 ut
1235 2243 1296 2267 eas
1320 2236 1443 2277 partes
1467 2244 1552 2268 orae
1576 2235 1820 2268 meridionalis
1850 2232 1858 2279 j

234 2293 339 2325 Asiae
365 2292 527 2333 minoris,
560 2299 654 2333 quae
686 2293 764 2322 tum
793 2291 1004 2324 Ptolemaeis
1028 2291 1183 2333 Aegypti
1207 2291 1354 2333 regibus
1387 2291 1574 2334 parebant,
1605 2295 1818 2335 occuparet3

238 2351 272 2382 in
298 2358 340 2382 eo
367 2356 519 2381 numero
549 2349 627 2380 tum
653 2348 761 2379 etiam
788 2347 936 2389 Lyciam
969 2347 1079 2381 fuisse
1111 2350 1262 2381 constat.
1311 2348 1360 2382 Cf.
1387 2358 1420 2381 n.
1439 2348 1517 2382 548.
1566 2349 1702 2382 Eodem
1728 2350 1820 2382 tem·
1844 2353 1846 2355 ’

236 2415 325 2448 pore
342 2406 459 2447 Ardys
476 2407 511 2437 et
528 2404 751 2437 Mithridates
769 2405 863 2445 regis
886 2405 946 2437 filii
972 2414 1057 2437 cum
1075 2406 1237 2438 exercitu
1261 2407 1424 2439 terrestri
1441 2406 1570 2439 Sardes
1593 2415 1712 2449 usque
1735 2415 1820 2449 pro-

237 2463 337 2505 gredi
367 2462 489 2495 conati
521 2464 616 2494 sunt.
666 2461 714 2493 Cf.
747 2461 870 2493 Livius
901 2462 1060 2504 XXXIII,
1082 2466 1133 2504 49,
1152 2466 1182 2495 9.
1203 2466 1256 2495 40.
1277 2466 1330 2495 Η.
1379 2463 1447 2496 Sed
1479 2463 1576 2496 haud
1609 2472 1744 2506 paucas
1774 2473 1843 2496 ex-

237 2520 306 2552 iliis
332 2518 541 2552 civitatibus
566 2528 586 2550 a
611 2518 758 2550 Rhodiis
783 2517 924 2550 fortiter
948 2527 990 2550 ac
1014 2521 1160 2551 strenue
1191 2519 1331 2552 adiutas
1362 2520 1565 2553 libertatem
1590 2520 1741 2554 feliciter
1763 2522 1820 2553 tu-

237 2579 329 2610 tatas
362 2585 442 2609 esse
470 2575 578 2608 refert
608 2575 704 2608 idem
735 2584 764 2607 c.
790 2578 844 2617 20,
863 2577 968 2606 44-4
980 2577 1010 2607 3.
1064 2575 1115 2607 De
1145 2576 1254 2617 Lycia
1287 2576 1324 2608 id
1361 2577 1469 2609 modo
1501 2578 1701 2610 memoriae
1731 2586 1840 2621 pro·¹

237 2635 353 2667 ditum
390 2635 455 2675 est,
493 2634 619 2666 Patara
655 2635 734 2665 tum
770 2633 806 2664 in
843 2633 1060 2674 potestatem
1097 2633 1192 2673 regis
1228 2634 1372 2665 venisse
1409 2634 1670 2676 (Liv.XXXIII,
1698 2636 1753 2676 44,
1771 2634 1835 2675 5);?

237 2692 371 2725 Xanthi
394 2700 462 2734 per
485 2690 546 2724 illa
578 2692 744 2732 tempora
774 2690 910 2722 mentio
942 2698 1014 2722 non
1036 2688 1087 2731 fit,
1121 2689 1185 2722 sed
1210 2690 1269 2722 hic
1292 2690 1421 2723 titulus
1441 2690 1560 2732 docet,
1585 2700 1665 2724 eam
1691 2691 1819 2724 urbem

239 2750 353 2791 magis
389 2748 510 2791 specie
545 2756 655 2790 quam
692 2756 730 2779 re
766 2746 823 2788 (cf.
848 2749 921 2780 not.
940 2747 971 2788 2)
1008 2746 1053 2779 ab
1088 2747 1267 2779 Antiocho
1304 2748 1447 2789 captam
1484 2756 1573 2781 esse.
1627 2746 1819 2781 Benndorf.

238 2810 256 2838 2
290 2807 380 2839 Cum
406 2814 470 2838 rex
500 2804 546 2838 ab
578 2804 715 2847 oppido
747 2804 852 2847 plane
876 2804 1006 2837 infecta
1039 2812 1078 2836 re
1102 2803 1287 2836 discedere
1313 2803 1432 2846 nollet,
1464 2804 1611 2837 Xanthii
1643 2814 1728 2838 vero
1755 2804 1829 2839 ob-

237 2863 416 2896 sidionem
442 2862 580 2908 diutius
605 2862 758 2895 tolerare
783 2862 976 2895 molestum
995 2861 1254 2903 existimarent,
1279 2861 1450 2894 convenit
1473 2861 1567 2894 inter
1589 2870 1663 2904 eos,
1690 2863 1730 2894 ut
1753 2870 1819 2894 no-

238 2921 334 2953 mine
358 2919 505 2962 quidem
532 2919 619 2952 urbs
645 2920 720 2960 regi
738 2919 941 2960 dederetur,
966 2918 1031 2951 sed
1055 2927 1096 2951 ea
1113 2918 1334 2960 condicione,
1359 2919 1401 2950 ut
1425 2918 1484 2950 ille
1509 2919 1585 2951 deis
1602 2918 1834 2952 tutelaribus.
