1858 3126
0 178 67 222 m]
305 177 504 221 Vectigalia
527 179 564 212 in
589 178 822 221 Hellesponto
847 188 868 212 a
891 179 1086 212 classiariis
1109 181 1246 212 exacta.
1485 181 1563 222 177

30 325 75 363 1⁰
98 315 410 372 ἆνιηγνυμέναις
449 315 535 358 ἐκεῖ
570 313 669 372 πρὸς
705 319 756 371 τῇ
794 313 992 371 θαλάττῃ,
1030 317 1134 358 ὥστε
1172 315 1242 359 καὶ
1280 315 1373 365 τοὺς
1404 315 1411 373 Ι
1443 317 1564 360 ἀπαι-

97 386 263 433 τοῦντας
290 381 360 427 καὶ
387 382 479 432 τοὺς
509 383 825 439 ἀπαιτουμένους
856 383 1173 440 ἀναγινώσκ(ε)ιν
1207 385 1212 441 Ι
1242 384 1310 428 τὸν
1329 386 1463 441 νόμον,
1493 385 1563 429 καὶ

96 451 190 501 τοὺς
220 451 291 509 μὲν
321 453 504 501 δεδιότας
535 453 763 510 ἀπέχεσθαι
790 456 863 509 τῆς
893 452 1141 509 ἀπλησΙτίας,
1171 453 1264 502 τοὺς
1292 453 1338 497 δὲ
1368 455 1564 512 θαρροῦν-

96 537 168 570 τας
207 521 261 580 μὴ
299 521 522 580 ἀνέχεσθαι
558 521 723 580 βλάβης,
760 520 830 564 καί
866 521 933 564 τὸν
966 521 972 577 Ι
1002 522 1260 579 περίβλεπτον
1296 525 1456 580 κόμητα
1483 530 1562 568 τῶν

27 601 71 635 15
98 593 272 645 στενῶνῚ
306 591 372 635 ἀεὶ
406 591 479 649 τὴν
510 591 709 649 ἀπ(ε)ιλὴν
738 590 752 648 ΙΙ
780 593 822 634 ἐν
852 593 934 639 τοῖς
964 590 1277 648 (γ)ρο;ί(ι.ι)μ.ασιν8
1306 595 1462 650 ὁρῶντα
1491 596 1561 653 τὴν
1600 591 1602 618 ;

96 661 139 703 ἐν
167 661 250 709 τοῖς
279 659 412 718 ἔργοις
440 660 613 718 π(ε)ἷραν
643 661 679 703 εἰ
711 659 942 718 ῥαΙθυμήσῃ
972 661 1284 718 προσδέχεσθαι.

97 727 299 786 Γνώσ(ε)ις
344 729 595 786 συνηθειῶν9
640 729 687 778 ἃς
721 730 944 786 παρ(ε)ἷχον
981 728 1056 786 πρὸ
1094 730 1193 773 ἐτῶν
1230 729 1425 788 εἷκοσ<ε>ι
1456 732 1462 789 Ι
1493 733 1563 776 καὶ
1601 785 1603 787 ‚

97 796 292 854 εἷιοο<ε>ι
326 798 399 841 δύο
434 801 511 841 τῶν
551 801 698 841 στενῶν
736 800 774 842 οἱ
814 799 1047 856 ναύκληροι,
1079 801 1134 847 ὡς
1162 801 1563 859 πολυπραγμοΙνήσας

0 936 227 980 terti-equens.
274 937 470 981 Praecipue
506 938 622 971 allatis
652 938 856 971 rationibus
893 938 938 972 ad
968 939 1089 981 ipsum
1122 940 1262 972 iussum
1294 942 1440 974 transiri
1471 942 1562 975 solet

0 994 136 1028 nrmula
159 992 361 1039 θεσπίζομεν
384 993 507 1028 τοίνυν.
540 995 589 1029 Cf.
614 995 708 1028 Nov.
725 996 750 1038 l,
767 998 787 1028 2
813 1005 848 1039 p.
866 998 898 1038 ⁶,
917 999 947 1029 ⁵.
981 996 1099 1039 LXVI,
1118 999 1131 1028 4
1155 1006 1190 1039 p.
1209 1000 1286 1040 340,
1304 1000 1358 1031 27.
1389 999 1521 1041 LXVII,
1544 1004 1554 1032 l

0 1061 18 1086 ›-
35 1053 111 1095 344,
128 1054 184 1095 24,
207 1053 251 1085 ut
265 1060 382 1095 pauca
397 1053 564 1096 exempla
581 1061 625 1086 ex
643 1054 779 1095 ingenti
795 1053 1028 1086 multitudine
1045 1054 1237 1087 ascribam.
1345 1059 1364 1088 6
1393 1056 1559 1090 Latinum

0 1106 202 1155 pectabfh’s,
232 1118 307 1152 quo
337 1110 539 1144 secundum
569 1110 755 1152 dignitatis
785 1111 950 1144 ordinem
980 1112 1074 1144 inter
1103 1120 1298 1154 supremos
1328 1114 1562 1155 magistratus

0 1166 78 1200 llius
89 1167 217 1201 aetatis
229 1167 469 1210 significatum
488 1176 569 1201 esse
587 1170 715 1201 notum
736 1170 803 1210 est,
817 1169 950 1202 Graece
969 1169 1184 1211 plerumque
1200 1168 1424 1214 περίβλεπτος
1439 1175 1563 1214 sonat;

0 1223 25 1258 ί.
48 1223 266 1258 Novell.V11
290 1225 374 1267 epil.
398 1234 434 1268 p.
453 1227 507 1267 83,
526 1228 638 1267 ssqq.
688 1224 876 1270 φυλάξουσι
908 1223 947 1258 δὲ
978 1224 1078 1259 αὐτὸν
1103 1226 1172 1265 (τὸν
1195 1226 1310 1270 νόμον)
1337 1226 1434 1261 οὐδὲν
1458 1228 1559 1273 ἧττον

0 1280 42 1315 ’.αὶ
63 1281 98 1315 o!
118 1284 183 1327 τῆς
197 1279 368 1326 ἡμετέρας
384 1279 556 1318 πολιτείας
573 1280 747 1328 ἄρχοντες,
773 1281 907 1325 μείζους
932 1293 967 1314 τε
984 1281 1043 1315 καὶ
1059 1281 1231 1325 ἐλάττους,
1256 1282 1424 1318 πολιτικοί
1446 1297 1481 1318 τε
1504 1286 1561 1319 καὶ

0 1338 225 1383 τρατιωτικοί,
248 1338 308 1372 καὶ
331 1337 561 1383 διαφερόντως
586 1338 620 1372 οἱ
642 1338 835 1386 πανταχόσε
858 1344 927 1372 τῶν
952 1338 1154 1384 διοικήσεων
1178 1339 1391 1380 ἐνδοξότατοι
1416 1341 1562 1390 ἔπαρχοι

0 1400 48 1430 ὧν
73 1394 172 1440 ἱερῶν
188 1395 288 1440 ἡμῶν
304 1395 526 1443 πραιτωρίων,
546 1395 580 1430 οἷ
594 1407 630 1429 τε
645 1396 707 1434 τὰς
729 1396 836 1440 μέσας
853 1395 990 1443 ἔχοντες
1005 1401 1073 1430 τῶν
1090 1396 1219 1444 ἀρχῶν,
1236 1397 1295 1436 οὓς
1317 1397 1359 1444 δὴ
1376 1399 1560 1445 περιβλέπ-

0 1463 60 1491 ους
82 1451 240 1496 καλοῦσι,
265 1451 377 1498 φαμὲν
401 1451 445 1498 δὴ
470 1452 712 1498 αὐγουστάλιόν
736 1465 772 1487 τε
796 1453 854 1487 καὶ
876 1452 1092 1492 ἀνθυπάτους
1114 1454 1174 1488 καὶ
1197 1454 1295 1493 τοὺς
1327 1456 1559 1502 περιβλέπ-

7 1521 78 1547 ους
108 1509 299 1556 κόμητας
326 1509 407 1548 τούς
433 1521 470 1544 τε
502 1509 628 1548 ἄλλους
660 1510 719 1545 καὶ
746 1511 805 1545 τὸν
828 1515 891 1556 τῆς
916 1506 1016 1558 ἑῴας.
1134 1516 1153 1545 7
1184 1514 1235 1546 ne
1259 1514 1328 1548 hoc
1352 1517 1487 1548 comite
1511 1516 1558 1550 ab

0 1569 176 1603 mtiniano
193 1568 359 1602 instituto
371 1568 599 1602 Hordtmann
614 1571 792 1612 provocat
804 1569 849 1602 ad
863 1570 1006 1602 Ioannis
1017 1570 1281 1603 MalalanVlll
1292 1581 1326 1614 p.
1336 1574 1413 1615 432,
1424 1575 1437 1604 4
1449 1575 1465 1606 4
1478 1581 1559 1616 sqq.

0 1625 35 1660 d.
57 1626 178 1663 Bona.
219 1624 277 1659 καὶ
309 1623 458 1663 &odone
485 1628 593 1659 ταῦτα
629 1625 647 1660 ὁ
678 1625 780 1664 αὐτὸς
810 1625 967 1670 βασιλεὺς
996 1626 1134 1672 ἐποίησε
1163 1627 1301 1672 κόμτγτα
1328 1633 1397 1663 τῶν
1431 1635 1556 1663 στενῶν

0 1685 42 1729 ῆς
64 1680 234 1728 Ποντικῆς
264 1680 459 1727 θαλάσσης,
490 1681 526 1716 ὃν
558 1681 716 1717 ἐκέλευσε
746 1681 924 1728 καθῆσθαι
952 1683 988 1718 ἐν
1018 1684 1068 1729 τῷ
1087 1683 1263 1730 λεγομένῳ
1289 1681 1382 1733 Ἱερῷ
1402 1685 1449 1724 εἰς
1474 1687 1557 1721 αὐτὸ

0 1739 16 1774 δ
46 1739 186 1784 στόμιον
212 1742 274 1774 τοῦ
298 1737 441 1782 Πόντου,
473 1737 633 1785 Ἰωάννην
661 1739 720 1774 τὸν
744 1740 812 1774 ἀπὸ
838 1739 987 1783 ὑπάτων,
1011 1739 1213 1780 ἀποστείλας
1238 1741 1339 1776 αὐτὸν
1364 1744 1449 1787 μετὰ
1475 1743 1559 1789 βοη-

0 1796 74 1835 ctae.
86 1795 268 1843 Γοτθικῆς.
305 1798 351 1831 At
374 1798 448 1831 illic
471 1808 554 1841 non,
579 1801 621 1831 ut
644 1799 712 1841 hic,
738 1799 783 1832 de
800 1799 1034 1842 Hellesponto
1057 1800 1200 1843 dicitur,
1227 1801 1290 1834 sed
1307 1802 1497 1836 manifesto
1515 1803 1561 1836 de

0 1857 151 1898 losporo,
180 1864 299 1898 neque
327 1855 372 1889 de
407 1856 527 1889 officio
553 1865 678 1890 recens
702 1857 882 1899 instituto,
914 1857 978 1890 sed
1002 1857 1046 1890 de
1071 1858 1217 1891 homine
1240 1868 1307 1901 per
1330 1859 1415 1892 belli
1439 1861 1560 1893 immi·

0 1914 95 1946 entis
117 1914 285 1956 tempora
309 1913 395 1946 illuc
419 1914 532 1947 misso
556 1923 641 1947 cum
667 1915 845 1948 militibus
869 1916 933 1957 qui
958 1915 1106 1949 Hunnos
1131 1919 1282 1958 arceret,
1313 1926 1406 1959 quae
1431 1926 1489 1950 res
1511 1918 1559 1951 ab

0 1971 86 2003 nius
110 1970 206 2003 tituli
228 1973 441 2012 argumento
465 1971 685 2005 alienissima
707 1974 772 2005 est.
805 1972 923 2011 Quare
947 1973 1025 2006 sine
1042 1973 1153 2006 dubio
1171 1983 1300 2006 verum
1318 1975 1410 2008 vidit
1426 1976 1559 2008 Zacha-

0 2027 63 2070 iae,
86 2035 172 2061 cum
195 2027 293 2060 bunc
312 2029 484 2061 comitem
501 2029 801 2071 interpretaretur
818 2029 1039 2072 praesectum
1058 2032 1207 2064 navium
1224 2031 1299 2064 illic
1314 2033 1559 2075 navigationis

0 2086 15 2118 t
37 2086 262 2118 mercaturae
285 2085 456 2118 tutandae
480 2094 590 2119 causa
612 2087 873 2120 collocatarum
899 2087 953 2129 (cf.
982 2086 1160 2121 κλασσικοί
1184 2098 1219 2121 v.
1242 2091 1296 2122 24.
1327 2092 1381 2123 25.
1408 2093 1461 2122 26.
1488 2092 1556 2132 28).
1611 2105 1620 2110 ·

0 2168 2 2170 v
27 2143 286 2176 ΠΡΑΓΜΑΟΙΝ
317 2142 419 2185 lapis.
468 2143 681 2176 Emendavit
705 2145 895 2178 Zachariae
925 2147 998 2178 tam
1032 2146 1218 2187 ingeniose
1249 2156 1359 2189 quam
1385 2148 1558 2190 probabi·

0 2200 71 2231 1ter.
117 2199 325 2232 Proximum
363 2198 546 2246 ῥαθυμήσῃ
584 2203 709 2234 utrum
744 2203 1002 2236 coniunctivus
1033 2204 1158 2236 aoristi
1189 2205 1236 2236 sit
1269 2204 1314 2238 ab
1345 2204 1374 2238 εἰ
1403 2214 1470 2248 pro
1496 2204 1555 2238 ἐὰν

0 2255 151 2298 ondens,
182 2265 228 2290 an
258 2257 478 2291 indicativus
501 2258 613 2291 futuri
638 2267 828 2301 perperam
853 2261 1022 2302 scriptus,
1046 2261 1108 2293 vix
1133 2261 1326 2295 discernas.
1433 2266 1452 2295 9
1485 2263 1556 2305 By-

0 2314 205 2347 antinorum
229 2315 345 2346 aetate
368 2323 414 2347 ex
428 2316 700 2349 consuetudinis
716 2317 862 2350 notione
878 2317 968 2350 baec
983 2327 1059 2350 vox
1075 2319 1111 2351 in
1128 2319 1426 2360 significationem
1443 2321 1558 2353 vecti·

0 2371 114 2404 alium
137 2379 232 2412 quae
254 2371 362 2412 pendi
389 2375 656 2406 consueverunt
687 2372 815 2418 (κέρδη,
846 2373 868 2407 ἃ
893 2373 1006 2408 δοκεῖν
1038 2373 1123 2408 εἶναι
1144 2376 1277 2420 νόμιμα
1311 2376 1496 2422 πεποίηκεν
1530 2376 1552 2421 ἡ
1592 2367 1593 2370 ¹

0 2425 141 2472 υνήθεια
161 2428 335 2470 synesius
351 2429 455 2470 epist.
474 2430 527 2470 62)
552 2431 705 2472 transiit,
730 2432 836 2464 cuius
859 2440 950 2465 usus
966 2432 1230 2475 per-frequentis
1256 2435 1292 2466 in
1308 2435 1492 2467 Thesauro
1512 2435 1551 2467 Η.
1591 2425 1599 2459 's

0 2485 149 2528 tephani
173 2484 429 2518 adscribuntur
451 2495 536 2519 cum
561 2488 630 2521 alia
654 2489 819 2530 exempla
843 2491 922 2521 tum
940 2490 1066 2523 Leonis
1084 2491 1174 2532 Imp.
1193 2491 1422 2524 Tacticorum
1441 2495 1494 2534 49,
1512 2495 1552 2524 48

0 2540 215 2588 ιραῃὲλλῃς
243 2541 303 2576 καὶ
335 2545 408 2580 τοῖς
437 2541 579 2590 ἄρχουσι
604 2543 735 2589 μηδένα
765 2549 834 2578 τῶν
858 2542 913 2579 ὑπ’
938 2545 1052 2584 αὐτοῖς
1077 2553 1288 2593 στρατιωτῶν
1313 2548 1444 2582 ἀδικεῖν
1467 2546 1490 2592 ἢ
1516 2548 1553 2581 τὸ

0 2597 111 2633 ἱονοῦν
147 2597 255 2643 δῶρον
284 2596 357 2646 παρ’
393 2599 502 2634 αὐτῶν
532 2599 717 2645 λαμβάνειν
746 2600 769 2647 ἢ
800 2602 859 2640 τὰς
891 2602 1076 2649 λεγομένας
1102 2603 1293 2648 συνηθείας.
1340 2606 1434 2638 Haec
1458 2606 1551 2638 dona

0 2655 171 2690 lassiariis
202 2657 349 2690 navium
375 2658 645 2700 Hellespontum
673 2661 957 2694 custodientium
983 2671 1003 2694 a
1027 2662 1281 2704 navigantibus
1308 2663 1428 2695 offerri
1447 2663 1551 2694 solita

0 2713 63 2747 'um
76 2715 221 2756 praeter
239 2715 535 2748 consuetudinem
550 2719 769 2758 augerentur
784 2718 973 2750 bominum
991 2720 1152 2760 avaritia,
1171 2720 1368 2760 imperator
1384 2727 1467 2750 cum
1486 2727 1551 2749 ex-

0 2768 113 2803 morari
128 2772 294 2804 iussisset
309 2774 443 2814 quanta
460 2774 658 2815 antiquitus
676 2774 826 2807 fuissent
846 2776 888 2814 (v.
910 2776 1066 2817 47-20),
1091 2777 1128 2808 in
1146 2776 1325 2817 reliquum
1344 2778 1488 2816 tempus
1506 2784 1550 2807 ne

0 2825 62 2858 »lus
94 2829 280 2868 peteretur
314 2829 496 2862 interdicit
520 2831 690 2872 gravibus
720 2832 845 2873 poenis
870 2833 1066 2874 propositis
1091 2835 1126 2864 et
1152 2831 1326 2864 militibus
1356 2833 1397 2869 fv,
1418 2834 1430 2862 4
1439 2856 1446 2863 .
1466 2832 1496 2871 2)
1514 2834 1549 2863 et

1 2889 108 2915 orum
129 2883 309 2924 praelecto
342 2886 387 2925 (v.
407 2888 517 2927 3—6),
550 2888 586 2919 ni
618 2889 833 2929 paruissent.
878 2889 1009 2920 Iniuria
1039 2889 1128 2920 haec
1161 2890 1351 2929 praecepta
1374 2897 1394 2920 a
1416 2888 1552 2925 Mordi-

0 2947 113 2971 nanno
138 2939 183 2971 de
205 2942 375 2981 portoriis
399 2951 491 2983 quae
524 2945 559 2976 in
588 2943 717 2976 fiscum
740 2945 971 2986 imperatoris
996 2945 1243 2986 redigerentur
1267 2940 1445 2978 intellecta
1468 2952 1552 2977 esse
1611 2940 1615 2948 ’

46 3003 322 3039 Bistonium-ger,
342 3006 469 3034 Orientis
486 3015 527 3041 gr.
544 3008 630 3036 inser.
646 3020 653 3024 ·
667 3009 705 3035 11.
1230 3015 1271 3044 ⁴2
