1858 3126
233 130 319 171 104
472 128 563 162 VIII.
600 128 748 171 Imperii
771 127 923 161 Romani
947 127 1156 171 provinciae
1182 126 1384 161 orientales.
1433 129 1465 160 4.
1489 126 1582 161 Asia.
1689 127 1816 170 [483—

350 266 611 323 &orovdaoffl
642 265 648 323 1
679 263 754 313 τὰς
781 265 1040 323 ὑπαρχούσας
1061 266 1103 308 ἐν
1133 265 1221 313 ταῖς
1251 264 1397 313 οἰκίαις
1429 262 1678 321 δεξαμεν[ὰς]
1708 263 1715 321 Ι
1748 264 1816 307 ἀν-

349 336 623 393 αγραφόμενοι
660 335 700 378 ἐν
738 338 812 378 τῶι
842 334 1096 377 Πανθείωι74
1126 332 1220 391 μηνὶ
1257 332 1522 391 τιΙθέσθωσαν
1557 334 1629 391 τὴν
1655 332 1816 390 γραφὴν

347 405 445 462 πρὸς
465 404 556 453 τοὺς
579 403 822 461 στρατηγοὺς
840 404 846 460 Ι
864 403 931 447 καὶ
954 403 1299 460 ἐπιμελείσθωσαν
1319 401 1387 446 ἵνα
1407 403 1445 446 οἱ
1468 403 1600 460 κύριοι
1621 399 1786 459 στεγνὰς
1805 400 1818 459 ΙΙ

255 484 318 518 195
345 475 607 532 παρέχωνται
641 473 710 516 καὶ
748 473 926 530 μηδεμία
960 477 1037 516 τῶν
1067 471 1424 531 προϋπαρχουΙσῶν
1456 472 1743 530 ἐνχωννύηται.
1783 472 1819 514 εἰ

350 543 394 586 δὲ
432 545 507 600 μή,
547 542 639 591 τοὺς
674 543 823 585 τούτων
854 542 929 600 τιῃΙ
961 546 1175 591 ποιοῦντας
1213 542 1486 598 ζημιώσαντες
1524 538 1619 585 καθ’
1647 539 1818 598 ἑκάστην

349 612 579 670 δεΙξαμενὴν
617 612 819 669 δραχμαῖς
856 611 996 655 ἑκατὸν
1033 610 1297 669 πραξάτωσαν
1337 611 1342 668 Ι
1379 610 1448 654 καὶ
1485 610 1818 668 ἀναγκαζέτωσαν

255 693 322 725 200
350 682 590 739 ἐκκαθᾶραι.
628 680 697 723 καὶ
724 679 763 724 εἴ
786 697 887 729 τινες
916 680 928 738 ΙΙ
958 681 1002 723 δὲ
1031 682 1219 738 πρότερον
1242 680 1492 738 κεχωσμένοι
1512 679 1623 735 εἰσίν,
1654 678 1822 736 π-αραγΙ-

234 834 282 867 sit
306 833 406 876 quod
429 834 530 876 putei
554 842 599 866 ex
623 832 758 876 quihus
783 842 876 876 aqua
902 832 1138 866 subterranea
1163 832 1373 865 hauriretur
1398 831 1486 865 nulli
1504 832 1653 865 omnino
1677 830 1823 864 fuerunt

234 892 270 924 in
295 891 357 924 illo
385 891 519 934 oppido
553 891 623 924 sito
649 891 686 923 in
711 892 836 924 monte
861 899 1004 933 saxoso,
1039 890 1102 923 sed
1127 890 1259 932 partim
1285 899 1330 922 ex
1355 890 1514 931 antiquis
1538 897 1653 932 aquae
1676 889 1823 931 pluviae

235 949 485 991 receptaculis,
517 949 650 990 partim
676 957 721 981 ex
746 947 906 981 fontibus
931 948 1132 981 recentiore
1157 949 1273 981 aetate
1302 956 1369 990 per
1400 947 1542 980 canales
1567 946 1822 980 subterraneos

235 1007 272 1039 in
296 1006 426 1039 urbem
451 1006 615 1039 deductis
640 1006 879 1048 aquabantur.
1000 1008 1041 1038 73
1076 1005 1165 1038 Cum
1191 1005 1317 1038 inutile
1342 1004 1506 1038 futurum
1536 1004 1647 1038 fuerit
1670 1005 1823 1048 quotan-

235 1064 292 1096 nis
325 1062 371 1096 ab
403 1064 605 1106 astynomis
642 1063 797 1096 indicem
830 1063 1069 1097 cisternarum
1102 1062 1241 1105 confici,
1277 1062 1428 1095 Kolbius
1460 1062 1530 1095 hoc
1565 1064 1684 1095 totum
1719 1070 1823 1104 prae-

236 1123 384 1163 ceptum
416 1120 461 1154 ad
492 1129 606 1154 unum
638 1121 734 1155 illius
767 1121 861 1164 anni,
894 1130 967 1163 quo
1000 1121 1058 1154 lex
1091 1120 1173 1154 data
1203 1122 1310 1163 esset,
1343 1120 1534 1163 collegium
1565 1121 1729 1163 spectare
1753 1119 1823 1152 sibi

235 1179 427 1221 persuasit.
477 1177 581 1217 Quod
606 1180 712 1220 negat
736 1186 907 1221 praesens
938 1176 1152 1212 τιθέσθωσαν
1182 1178 1387 1211 necessario
1417 1177 1461 1211 de
1485 1186 1528 1211 ea
1559 1186 1598 1211 re
1623 1177 1738 1220 accipi
1762 1177 1824 1210 de-

237 1236 333 1279 bere,
359 1245 452 1279 quae
475 1236 672 1269 identidem
698 1238 894 1279 repetatur,
928 1236 992 1269 sed
1023 1235 1109 1269 alibi
1140 1245 1287 1278 quoque
1317 1236 1354 1268 in
1385 1235 1454 1269 hac
1482 1235 1559 1277 lege
1588 1235 1823 1278 imperativus

237 1294 438 1336 praesentis
470 1296 506 1327 et
536 1294 662 1328 aoristi
692 1294 863 1327 confundi
894 1293 1076 1337 observat,
1108 1294 1140 1326 ei
1165 1302 1240 1326 non
1265 1293 1453 1336 obloquor.
1501 1293 1547 1326 At
1571 1293 1714 1326 mireris
1737 1301 1824 1326 eum

237 1361 310 1385 non
335 1352 503 1394 sensisse,
535 1351 692 1385 alterum
722 1352 950 1385 enuntiatum
981 1349 1039 1385 mi
1064 1348 1354 1394 ἐπιμελείσθωσαν
1378 1348 1434 1384 ἵνα
1457 1369 1503 1375 --
1527 1349 1743 1397 παρέχωνται
1766 1348 1825 1383 καὶ

239 1407 390 1454 μηδεμία
412 1427 459 1433 -
484 1407 716 1456 ἐνχωννύηται
746 1410 845 1442 nullo
871 1409 979 1443 modo
1010 1409 1055 1442 de
1079 1418 1152 1442 uno
1183 1409 1292 1442 huius
1317 1409 1400 1442 anni
1430 1409 1643 1450 magistratu
1667 1407 1824 1450 intellegi

238 1475 357 1509 posse.
405 1467 451 1499 At
475 1476 560 1500 cum
585 1468 732 1510 utrique
764 1476 959 1500 commune
991 1467 1039 1500 sit
1063 1466 1269 1500 subiectum
1301 1465 1333 1500 οἱ
1356 1465 1606 1510 καθεσταμένα
1629 1464 1823 1509 ἀστυνόμοι,

239 1534 282 1557 ne
308 1525 410 1566 prius
427 1524 575 1566 quidem
600 1525 703 1558 aliter
726 1533 768 1558 ac
784 1524 827 1558 de
844 1525 1132 1567 uniuscuiusque
1153 1525 1236 1557 anni
1257 1524 1408 1566 collegio
1426 1525 1542 1567 accipi
1558 1524 1651 1557 licet.
1688 1523 1822 1557 Eodem

239 1584 405 1624 spectant
429 1591 523 1624 quae
546 1591 580 1615 v.
601 1584 666 1614 2⁴4
681 1591 760 1625 sqq.
785 1582 955 1624 leguntur
987 1581 1059 1616 ὅσοι
1085 1577 1112 1615 δ’
1130 1579 1170 1615 ἂν
1201 1586 1268 1614 τῶν
1301 1581 1502 1626 ἀστυνόμων
1536 1581 1584 1626 μὴ
1610 1579 1737 1615 θῶνται
1759 1579 1823 1623 τὴν

241 1635 290 1685 ἐφ’
312 1637 441 1673 ἑαυτῶν
466 1639 599 1684 γραφὴν
623 1643 690 1673 τῶν
715 1638 871 1685 φρεάτων
897 1639 945 1677 εἰς
968 1639 1006 1673 τὸ
1032 1638 1183 1685 ἀρχεῖον.
1232 1639 1330 1678 Quae
1355 1639 1507 1672 Kolbius
1534 1647 1620 1672 sane
1649 1647 1734 1672 cum
1759 1646 1824 1671 sua

240 1698 418 1730 sententia
442 1698 492 1730 ita
517 1697 709 1730 conciliare
734 1697 866 1739 studet,
891 1698 933 1730 ut
957 1695 1031 1730 ὅσοι
1055 1697 1099 1730 de
1124 1698 1228 1739 parte
1246 1696 1354 1730 modo
1373 1697 1470 1729 illius
1487 1696 1640 1739 collegii,
1665 1696 1710 1729 ad
1726 1694 1825 1738 quod

239 1765 354 1788 unum
372 1755 462 1788 haec
478 1757 670 1798 praecepta
687 1755 808 1798 refert,
833 1755 1101 1797 interpretetur.
1141 1754 1186 1787 At
1203 1763 1287 1787 cum
1313 1749 1365 1799 ἐφ’
1382 1752 1510 1787 ἑαυτῶν
1535 1754 1580 1787 ad
1598 1752 1671 1787 ὅσοι
1686 1753 1826 1796 spectet

240 1822 359 1855 neque
390 1813 426 1845 in
457 1813 526 1846 hac
554 1813 822 1856 praepositione
855 1813 923 1846 alia
953 1821 995 1846 ac
1024 1813 1200 1855 temporis
1232 1812 1334 1845 notio
1363 1812 1482 1845 inesse
1513 1812 1639 1854 possit,
1675 1811 1826 1854 apparet

241 1868 313 1903 ὅσοι
347 1874 414 1903 τῶν
452 1868 651 1914 ἀστυνόμων
689 1879 761 1904 non
797 1879 877 1903 esse
908 1865 1142 1913 ‘quicumque
1178 1879 1223 1902 ex
1254 1870 1364 1902 huius
1397 1870 1479 1902 anni
1512 1863 1730 1911 astynomis’
1761 1867 1823 1901 sed

240 1924 511 1971 ‘quodcumque
536 1937 581 1961 ex
614 1928 773 1970 collegiis
799 1930 1077 1970 astynomorum
1104 1928 1232 1961 annuis
1255 1936 1349 1970 quae
1372 1927 1541 1969 deinceps
1571 1926 1691 1959 futura
1713 1921 1824 1959 sunt’.

242 1985 321 2018 Non
347 1986 550 2019 necessario
576 1985 794 2019 sumendum
820 1987 885 2028 est,
918 1985 1075 2019 indicem
1102 1986 1164 2028 qui
1189 1985 1235 2018 ab
1260 1986 1463 2027 astynomis
1488 1985 1532 2017 ad
1556 1985 1741 2027 praetores
1766 1982 1825 2016 de-

242 2042 408 2085 ferretur,
429 2043 623 2084 quotannis
638 2043 682 2075 de
699 2043 839 2085 integro
859 2043 1104 2086 compositum
1124 2051 1220 2085 esse;
1239 2041 1443 2075 sufficiebat
1463 2042 1499 2074 ni
1518 2041 1621 2075 fallor
1638 2050 1721 2074 eum
1740 2049 1823 2073 cum

242 2101 408 2132 cisternis
434 2109 524 2142 quas
550 2100 747 2133 visitabant
779 2101 952 2134 collatum
977 2100 1188 2134 emendasse
1213 2102 1249 2133 et
1273 2099 1512 2142 supplevisse.
1631 2100 1672 2131 74
1703 2098 1825 2131 Fasto-

243 2167 325 2190 rum
352 2158 656 2199 Pergamenorum
682 2159 828 2201 mensis,
854 2159 917 2201 qui
942 2159 1254 2192 commemoratur
1278 2158 1386 2190 etiam
1411 2155 1514 2199 Sy11.2
1530 2158 1606 2198 592,
1625 2158 1656 2189 4.
1703 2156 1825 2188 Simile

243 2224 375 2248 nomen
411 2212 574 2248 Πανθεών
609 2215 760 2258 Neapoli
796 2216 1013 2259 Campaniae
1049 2217 1225 2250 usitatum
1261 2215 1373 2248 habes
1412 2215 1521 2247 Inscr.
1548 2213 1606 2246 Gr.
1632 2213 1698 2246 Sic.
1723 2215 1760 2246 et
1784 2214 1824 2245 It.

244 2275 321 2315 759,
342 2275 395 2305 46.
443 2273 494 2304 De
518 2274 684 2315 tempore
708 2274 790 2306 anni
816 2283 887 2307 non
905 2263 1003 2307 certa
1027 2274 1185 2316 quidem,
1211 2273 1274 2306 sed
1299 2272 1497 2316 probabilis
1521 2273 1577 2304 est
1600 2271 1716 2304 Koibii
1741 2279 1824 2304 con-

243 2331 393 2370 iectura,
420 2330 483 2371 qui
509 2332 631 2363 monet
655 2331 830 2364 cisternas
855 2332 932 2364 sine
957 2331 1067 2364 dubio
1093 2331 1220 2364 eodem
1244 2332 1422 2373 tempore,
1446 2338 1519 2372 quo
1543 2328 1650 2362 index
1674 2327 1825 2362 confice-

243 2389 345 2420 retur
370 2388 405 2419 et
431 2387 660 2429 praetoribus
690 2388 905 2431 traderetur,
937 2389 1045 2421 etiam
1067 2389 1229 2422 visitatas
1254 2390 1290 2421 et
1313 2388 1535 2421 examinatas
1559 2395 1638 2419 esse
1662 2385 1708 2419 ab
1728 2387 1826 2428 asty-

244 2444 375 2477 nomis.
425 2444 533 2485 Atqui
558 2444 594 2477 id
619 2445 915 2478 commodissime
946 2446 1080 2479 sactum
1114 2455 1194 2479 esse
1218 2455 1292 2488 quo
1318 2447 1482 2487 tempore
1513 2444 1670 2477 maxime
1694 2451 1826 2477 vacuae

245 2503 376 2543 essent,
395 2501 430 2533 id
448 2503 504 2533 est
520 2503 601 2534 ante
615 2502 758 2534 initium
777 2503 949 2535 imbrium
968 2503 1218 2545 hibernorum,
1237 2503 1308 2536 sere
1324 2501 1533 2535 Novembre
1550 2509 1684 2534 mense.
1722 2499 1826 2539 Quod

246 2559 416 2600 quoniam
448 2567 521 2591 non
552 2559 794 2600 improbabile
824 2562 920 2592 esset
953 2570 1088 2594 annum
1119 2561 1263 2593 civilem
1294 2560 1596 2601 Pergamenorum
1627 2558 1672 2591 ab
1704 2558 1826 2600 aequi-

246 2617 365 2649 noctio
392 2616 614 2648 auctumnali
639 2617 783 2649 initium
810 2618 960 2660 cepisse,
994 2620 1140 2660 tempus
1165 2619 1247 2650 octo
1273 2617 1453 2649 mensium
1478 2616 1575 2657 quod
1601 2615 1756 2649 dominis
1781 2615 1825 2648 ad

246 2673 451 2716 purgandas
469 2675 505 2706 et
522 2673 740 2715 reparandas
759 2674 934 2708 cisternas
947 2675 1094 2708 daretur
1109 2676 1151 2715 (v.
1164 2677 1240 2707 204.
1259 2674 1348 2715 202),
1363 2683 1382 2706 a
1398 2672 1605 2706 Novembre
1622 2673 1667 2706 ad
1683 2672 1824 2705 lunium

246 2732 305 2764 vel
330 2731 460 2763 lulium
486 2732 678 2773 pertinere,
711 2732 761 2764 ita
792 2733 832 2763 ut
861 2733 1050 2765 etiamtum
1085 2733 1240 2764 duorum
1274 2732 1432 2763 triumve
1457 2731 1637 2763 mensium
1667 2730 1825 2773 spatium

247 2789 364 2821 eidem
390 2791 666 2831 astynomorum
690 2788 851 2831 collegio,
886 2789 985 2831 quod
1009 2789 1224 2822 laterculum
1248 2788 1470 2830 confecisset,
1493 2788 1758 2830 relinqueretur
1781 2787 1826 2820 ad

247 2846 538 2889 examinandum,
562 2855 650 2879 num
669 2846 790 2879 omnia
814 2847 881 2878 rite
905 2845 1033 2879 effecta
1056 2847 1187 2889 essent,
1212 2845 1512 2887 castigandosque
1537 2854 1598 2878 eos
1622 2846 1685 2887 qui
1709 2844 1826 2887 negle-

247 2904 386 2937 xissent
410 2904 587 2946 imperata
612 2903 738 2937 facere.
