<?xml version="1.0" encoding="UTF-8"?>
<!DOCTYPE html PUBLIC "-//W3C//DTD XHTML 1.0 Transitional//EN"
    "http://www.w3.org/TR/xhtml1/DTD/xhtml1-transitional.dtd">
<html xmlns="http://www.w3.org/1999/xhtml" xml:lang="en" lang="en">
 <head>
  <title>
</title>
<meta http-equiv="Content-Type" content="text/html;charset=utf-8" />
  <meta name='ocr-system' content='tesseract 3.04.00' />
  <meta name='ocr-capabilities' content='ocr_page ocr_carea ocr_par ocr_line ocrx_word'/>
</head>
<body>
  <div class='ocr_page' id='page_1' title='image "./orientisgraeciin02dittuoft/orientisgraeciin02dittuoft_0514.png"; bbox 0 0 1858 3126; ppageno 0'>
   <div class='ocr_carea' id='block_1_1' title="bbox 258 163 1839 208">
    <p class='ocr_par' dir='ltr' id='par_1_1' title="bbox 258 163 1839 208">
     <span class='ocr_line' id='line_1_1' title="bbox 258 163 1839 208; baseline -0.008 -4"><span class='ocrx_word' id='word_1_1' title='bbox 258 166 341 205; x_wconf 83' lang='lat'>500</span> <span class='ocrx_word' id='word_1_2' title='bbox 897 163 955 196; x_wconf 91' lang='lat' dir='ltr'>IX.</span> <span class='ocrx_word' id='word_1_3' title='bbox 993 163 1196 206; x_wconf 80' lang='lat' dir='ltr'>Appendix.</span> <span class='ocrx_word' id='word_1_4' title='bbox 1713 164 1839 208; x_wconf 78' lang='lat'>[⁷⁵9—</span> 
     </span>
    </p>
   </div>
   <div class='ocr_carea' id='block_1_2' title="bbox 247 301 1841 632">
    <p class='ocr_par' dir='ltr' id='par_1_2' title="bbox 247 301 1841 632">
     <span class='ocr_line' id='line_1_2' title="bbox 255 301 1840 344; baseline 0.003 -11"><span class='ocrx_word' id='word_1_5' title='bbox 255 301 602 343; x_wconf 74' lang='lat' dir='ltr'>Realencyklopadie</span> <span class='ocrx_word' id='word_1_6' title='bbox 626 302 672 333; x_wconf 94' lang='lat' dir='ltr'>III</span> <span class='ocrx_word' id='word_1_7' title='bbox 697 310 732 343; x_wconf 89' lang='lat' dir='ltr'>p.</span> <span class='ocrx_word' id='word_1_8' title='bbox 753 303 829 335; x_wconf 72' lang='lat'>324.</span> <span class='ocrx_word' id='word_1_9' title='bbox 870 302 963 334; x_wconf 88' lang='lat' dir='ltr'>Eum</span> <span class='ocrx_word' id='word_1_10' title='bbox 980 301 1099 344; x_wconf 85' lang='lat' dir='ltr'><strong>Abydi</strong></span> <span class='ocrx_word' id='word_1_11' title='bbox 1117 310 1219 334; x_wconf 88' lang='lat' dir='ltr'>sacra</span> <span class='ocrx_word' id='word_1_12' title='bbox 1236 301 1473 335; x_wconf 79' lang='lat' dir='ltr'>celeberrima</span> <span class='ocrx_word' id='word_1_13' title='bbox 1491 302 1663 336; x_wconf 85' lang='lat' dir='ltr'>habuisse</span> <span class='ocrx_word' id='word_1_14' title='bbox 1686 305 1840 337; x_wconf 87' lang='lat' dir='ltr'>testatur</span> 
     </span>
     <span class='ocr_line' id='line_1_3' title="bbox 252 358 1840 405; baseline 0.003 -14"><span class='ocrx_word' id='word_1_15' title='bbox 252 359 465 392; x_wconf 83' lang='lat' dir='ltr'>Ammianus</span> <span class='ocrx_word' id='word_1_16' title='bbox 490 359 717 392; x_wconf 83' lang='lat' dir='ltr'>Marcellinus</span> <span class='ocrx_word' id='word_1_17' title='bbox 743 359 835 401; x_wconf 88' lang='lat' dir='ltr'>XIX,</span> <span class='ocrx_word' id='word_1_18' title='bbox 855 362 908 401; x_wconf 75' lang='lat'>42,</span> <span class='ocrx_word' id='word_1_19' title='bbox 929 363 964 392; x_wconf 89' lang='lat'>3:</span> <span class='ocrx_word' id='word_1_20' title='bbox 991 358 1166 403; x_wconf 79' lang='lat' dir='ltr'>oppidum</span> <span class='ocrx_word' id='word_1_21' title='bbox 1190 361 1240 393; x_wconf 76' lang='lat' dir='ltr'>est</span> <span class='ocrx_word' id='word_1_22' title='bbox 1263 358 1432 403; x_wconf 75' lang='lat' dir='ltr'>Abydwm</span> <span class='ocrx_word' id='word_1_23' title='bbox 1453 358 1498 394; x_wconf 78' lang='lat' dir='ltr'>in</span> <span class='ocrx_word' id='word_1_24' title='bbox 1524 359 1715 395; x_wconf 75' lang='lat' dir='ltr'><strong><em>Thebaidis</em></strong></span> <span class='ocrx_word' id='word_1_25' title='bbox 1733 363 1840 405; x_wconf 79' lang='lat' dir='ltr'>parte</span> 
     </span>
     <span class='ocr_line' id='line_1_4' title="bbox 253 414 1841 462; baseline 0.003 -13"><span class='ocrx_word' id='word_1_26' title='bbox 253 414 368 449; x_wconf 79' lang='lat' dir='ltr'>situm</span> <span class='ocrx_word' id='word_1_27' title='bbox 392 418 551 450; x_wconf 72' lang='lat' dir='ltr'>extrema</span> <span class='ocrx_word' id='word_1_28' title='bbox 576 442 583 449; x_wconf 93' lang='lat'>.</span> <span class='ocrx_word' id='word_1_29' title='bbox 608 414 668 450; x_wconf 75' lang='lat' dir='ltr'>hic</span> <span class='ocrx_word' id='word_1_30' title='bbox 694 414 806 450; x_wconf 76' lang='lat' dir='ltr'>Besae</span> <span class='ocrx_word' id='word_1_31' title='bbox 831 415 891 450; x_wconf 79' lang='lat' dir='ltr'>dei</span> <span class='ocrx_word' id='word_1_32' title='bbox 912 415 1072 450; x_wconf 70' lang='lat' dir='ltr'><em>localiter</em></span> <span class='ocrx_word' id='word_1_33' title='bbox 1096 415 1270 460; x_wconf 75' lang='lat' dir='ltr'>adpellati</span> <span class='ocrx_word' id='word_1_34' title='bbox 1292 416 1482 451; x_wconf 83' lang='lat' dir='ltr'>oraculwm</span> <span class='ocrx_word' id='word_1_35' title='bbox 1505 417 1689 462; x_wconf 71' lang='lat' dir='ltr'>quamtum</span> <span class='ocrx_word' id='word_1_36' title='bbox 1711 417 1841 462; x_wconf 77' lang='lat' dir='ltr'>futwra</span> 
     </span>
     <span class='ocr_line' id='line_1_5' title="bbox 247 472 1839 518; baseline 0.002 -11"><span class='ocrx_word' id='word_1_37' title='bbox 247 472 439 517; x_wconf 74' lang='lat' dir='ltr'><strong><em>pandebat,</em></strong></span> <span class='ocrx_word' id='word_1_38' title='bbox 463 472 598 517; x_wconf 78' lang='lat' dir='ltr'><em>priscis</em></span> <span class='ocrx_word' id='word_1_39' title='bbox 622 472 963 508; x_wconf 73' lang='lat' dir='ltr'>circumiacentium</span> <span class='ocrx_word' id='word_1_40' title='bbox 979 473 1171 518; x_wconf 74' lang='lat' dir='ltr'><em>reqionum</em></span> <span class='ocrx_word' id='word_1_41' title='bbox 1195 473 1433 508; x_wconf 73' lang='lat' dir='ltr'><em>caerimoniis</em></span> <span class='ocrx_word' id='word_1_42' title='bbox 1448 473 1596 510; x_wconf 74' lang='lat' dir='ltr'>solitum</span> <span class='ocrx_word' id='word_1_43' title='bbox 1619 474 1699 510; x_wconf 81' lang='lat' dir='ltr'>coli.</span> <span class='ocrx_word' id='word_1_44' title='bbox 1741 476 1839 515; x_wconf 83' lang='lat' dir='ltr'>Quae</span> 
     </span>
     <span class='ocr_line' id='line_1_6' title="bbox 253 532 1837 576; baseline 0.002 -12"><span class='ocrx_word' id='word_1_45' title='bbox 253 532 441 574; x_wconf 87' lang='lat' dir='ltr'>scriptoris</span> <span class='ocrx_word' id='word_1_46' title='bbox 472 533 631 564; x_wconf 88' lang='lat' dir='ltr'>narratio</span> <span class='ocrx_word' id='word_1_47' title='bbox 662 534 698 564; x_wconf 86' lang='lat' dir='ltr'>et</span> <span class='ocrx_word' id='word_1_48' title='bbox 722 532 789 565; x_wconf 89' lang='lat' dir='ltr'>hac</span> <span class='ocrx_word' id='word_1_49' title='bbox 813 535 849 565; x_wconf 86' lang='lat' dir='ltr'>et</span> <span class='ocrx_word' id='word_1_50' title='bbox 875 532 998 564; x_wconf 89' lang='lat' dir='ltr'>multis</span> <span class='ocrx_word' id='word_1_51' title='bbox 1032 532 1212 565; x_wconf 86' lang='lat' dir='ltr'>similibus</span> <span class='ocrx_word' id='word_1_52' title='bbox 1238 533 1536 575; x_wconf 85' lang='lat' dir='ltr'><em>inscriptionibus</em></span> <span class='ocrx_word' id='word_1_53' title='bbox 1565 534 1638 566; x_wconf 84' lang='lat' dir='ltr'>illic</span> <span class='ocrx_word' id='word_1_54' title='bbox 1662 543 1683 567; x_wconf 86' lang='lat' dir='ltr'>a</span> <span class='ocrx_word' id='word_1_55' title='bbox 1708 535 1837 576; x_wconf 83' lang='lat' dir='ltr'>Saycio</span> 
     </span>
     <span class='ocr_line' id='line_1_7' title="bbox 259 589 739 632; baseline 0.002 -11"><span class='ocrx_word' id='word_1_56' title='bbox 259 590 412 632; x_wconf 82' lang='lat' dir='ltr'><em>repertis</em></span> <span class='ocrx_word' id='word_1_57' title='bbox 438 589 649 623; x_wconf 86' lang='lat' dir='ltr'>confirmata</span> <span class='ocrx_word' id='word_1_58' title='bbox 674 591 739 623; x_wconf 88' lang='lat' dir='ltr'>est.</span> 
     </span>
    </p>
   </div>
   <div class='ocr_carea' id='block_1_3' title="bbox 339 706 1131 711">
    <p class='ocr_par' dir='ltr' id='par_1_3' title="bbox 339 706 1131 711">
     <span class='ocr_line' id='line_1_8' title="bbox 339 706 1131 711; baseline 0 0"><span class='ocrx_word' id='word_1_59' title='bbox 339 706 1131 711; x_wconf 95' lang='lat' dir='ltr'> </span> 
     </span>
    </p>
   </div>
   <div class='ocr_carea' id='block_1_4' title="bbox 252 789 1841 1259">
    <p class='ocr_par' dir='ltr' id='par_1_4' title="bbox 252 789 1841 1259">
     <span class='ocr_line' id='line_1_9' title="bbox 341 789 1840 847; baseline 0.001 -14"><span class='ocrx_word' id='word_1_60' title='bbox 341 789 431 834; x_wconf 75' lang='lat'>760</span> <span class='ocrx_word' id='word_1_61' title='bbox 475 793 596 845; x_wconf 85' lang='lat' dir='ltr'>Lapis</span> <span class='ocrx_word' id='word_1_62' title='bbox 618 794 687 844; x_wconf 92' lang='lat' dir='ltr'>qui</span> <span class='ocrx_word' id='word_1_63' title='bbox 718 793 924 845; x_wconf 86' lang='lat' dir='ltr'>quondam</span> <span class='ocrx_word' id='word_1_64' title='bbox 956 794 1131 833; x_wconf 83' lang='lat' dir='ltr'>exedrae</span> <span class='ocrx_word' id='word_1_65' title='bbox 1151 796 1310 846; x_wconf 83' lang='lat' dir='ltr'>partem</span> <span class='ocrx_word' id='word_1_66' title='bbox 1337 793 1550 847; x_wconf 82' lang='lat' dir='ltr'>efficiebat,</span> <span class='ocrx_word' id='word_1_67' title='bbox 1579 794 1768 835; x_wconf 85' lang='lat' dir='ltr'>inventus</span> <span class='ocrx_word' id='word_1_68' title='bbox 1798 796 1840 834; x_wconf 91' lang='lat' dir='ltr'>in</span> 
     </span>
     <span class='ocr_line' id='line_1_10' title="bbox 253 861 1840 915; baseline 0.003 -15"><span class='ocrx_word' id='word_1_69' title='bbox 253 862 380 901; x_wconf 88' lang='lat' dir='ltr'>fundo</span> <span class='ocrx_word' id='word_1_70' title='bbox 401 861 702 915; x_wconf 86' lang='lat' dir='ltr'>Alipharmakis</span> <span class='ocrx_word' id='word_1_71' title='bbox 733 862 944 902; x_wconf 85' lang='lat' dir='ltr'>cuiusdam</span> <span class='ocrx_word' id='word_1_72' title='bbox 975 863 1052 902; x_wconf 84' lang='lat' dir='ltr'>sito</span> <span class='ocrx_word' id='word_1_73' title='bbox 1082 864 1197 902; x_wconf 82' lang='lat' dir='ltr'>iuxta</span> <span class='ocrx_word' id='word_1_74' title='bbox 1218 864 1426 903; x_wconf 85' lang='lat' dir='ltr'>castellum</span> <span class='ocrx_word' id='word_1_75' title='bbox 1453 864 1633 904; x_wconf 84' lang='lat' dir='ltr'>dirutum</span> <span class='ocrx_word' id='word_1_76' title='bbox 1653 863 1840 904; x_wconf 76' lang='lat' dir='ltr'>Chalcide</span> 
     </span>
     <span class='ocr_line' id='line_1_11' title="bbox 252 930 1841 984; baseline 0.001 -14"><span class='ocrx_word' id='word_1_77' title='bbox 252 931 451 971; x_wconf 84' lang='lat' dir='ltr'>Euboeae.</span> <span class='ocrx_word' id='word_1_78' title='bbox 504 930 676 971; x_wconf 90' lang='lat' dir='ltr'><em>Omnino</em></span> <span class='ocrx_word' id='word_1_79' title='bbox 714 944 765 970; x_wconf 81' lang='lat' dir='ltr'>ex</span> <span class='ocrx_word' id='word_1_80' title='bbox 805 932 934 971; x_wconf 85' lang='lat' dir='ltr'>trihus</span> <span class='ocrx_word' id='word_1_81' title='bbox 970 932 1182 984; x_wconf 80' lang='lat' dir='ltr'>lapidibus,</span> <span class='ocrx_word' id='word_1_82' title='bbox 1221 944 1272 972; x_wconf 85' lang='lat' dir='ltr'>ex</span> <span class='ocrx_word' id='word_1_83' title='bbox 1308 933 1454 984; x_wconf 87' lang='lat' dir='ltr'>quibus</span> <span class='ocrx_word' id='word_1_84' title='bbox 1490 934 1649 984; x_wconf 81' lang='lat' dir='ltr'>integra</span> <span class='ocrx_word' id='word_1_85' title='bbox 1689 933 1841 972; x_wconf 82' lang='lat' dir='ltr'>exedra</span> 
     </span>
     <span class='ocr_line' id='line_1_12' title="bbox 254 1000 1840 1054; baseline 0.001 -14"><span class='ocrx_word' id='word_1_86' title='bbox 254 1001 480 1053; x_wconf 87' lang='lat' dir='ltr'>composita</span> <span class='ocrx_word' id='word_1_87' title='bbox 511 1002 610 1052; x_wconf 82' lang='lat' dir='ltr'>erat,</span> <span class='ocrx_word' id='word_1_88' title='bbox 643 1000 724 1039; x_wconf 91' lang='lat' dir='ltr'>duo</span> <span class='ocrx_word' id='word_1_89' title='bbox 749 1003 922 1040; x_wconf 84' lang='lat' dir='ltr'>aetatem</span> <span class='ocrx_word' id='word_1_90' title='bbox 952 1002 1144 1052; x_wconf 85' lang='lat' dir='ltr'>tulerunt,</span> <span class='ocrx_word' id='word_1_91' title='bbox 1175 1001 1322 1053; x_wconf 90' lang='lat' dir='ltr'>quihus</span> <span class='ocrx_word' id='word_1_92' title='bbox 1351 1002 1478 1041; x_wconf 86' lang='lat' dir='ltr'>incisa.</span> <span class='ocrx_word' id='word_1_93' title='bbox 1507 1003 1602 1041; x_wconf 81' lang='lat' dir='ltr'>sunt</span> <span class='ocrx_word' id='word_1_94' title='bbox 1630 1002 1840 1054; x_wconf 82' lang='lat' dir='ltr'>plebiscita</span> 
     </span>
     <span class='ocr_line' id='line_1_13' title="bbox 254 1066 1836 1126; baseline 0.001 -17"><span class='ocrx_word' id='word_1_95' title='bbox 254 1069 575 1109; x_wconf 85' lang='lat' dir='ltr'>Chalcidensium</span> <span class='ocrx_word' id='word_1_96' title='bbox 615 1072 818 1121; x_wconf 84' lang='lat' dir='ltr'>quattuor.</span> <span class='ocrx_word' id='word_1_97' title='bbox 872 1070 958 1109; x_wconf 90' lang='lat' dir='ltr'>Hoc</span> <span class='ocrx_word' id='word_1_98' title='bbox 997 1070 1204 1109; x_wconf 88' lang='lat' dir='ltr'>decretum</span> <span class='ocrx_word' id='word_1_99' title='bbox 1235 1070 1296 1110; x_wconf 91' lang='lat' dir='ltr'>ed.</span> <span class='ocrx_word' id='word_1_100' title='bbox 1330 1070 1376 1110; x_wconf 90' lang='lat' dir='ltr'>G.</span> <span class='ocrx_word' id='word_1_101' title='bbox 1398 1070 1442 1110; x_wconf 92' lang='lat' dir='ltr'>A.</span> <span class='ocrx_word' id='word_1_102' title='bbox 1464 1070 1724 1123; x_wconf 83' lang='lat' dir='ltr'>Papavasiliu</span> <span class='ocrx_word' id='word_1_103' title='bbox 1750 1066 1836 1126; x_wconf 86' lang='grc' dir='ltr'>Ἐφ.</span> 
     </span>
     <span class='ocr_line' id='line_1_14' title="bbox 255 1136 1839 1193; baseline 0.001 -15"><span class='ocrx_word' id='word_1_104' title='bbox 255 1137 345 1193; x_wconf 88' lang='grc' dir='ltr'><strong>ἀρχ.</strong></span> <span class='ocrx_word' id='word_1_105' title='bbox 373 1138 480 1177; x_wconf 83' lang='grc'><strong>4903</strong></span> <span class='ocrx_word' id='word_1_106' title='bbox 513 1151 552 1190; x_wconf 91' lang='lat' dir='ltr'>p.</span> <span class='ocrx_word' id='word_1_107' title='bbox 583 1136 660 1176; x_wconf 79' lang='grc'>147</span> <span class='ocrx_word' id='word_1_108' title='bbox 692 1151 731 1178; x_wconf 92' lang='lat' dir='ltr'>n.</span> <span class='ocrx_word' id='word_1_109' title='bbox 755 1139 790 1176; x_wconf 85' lang='grc'>4.</span> <span class='ocrx_word' id='word_1_110' title='bbox 850 1139 976 1179; x_wconf 82' lang='lat' dir='ltr'>Docte</span> <span class='ocrx_word' id='word_1_111' title='bbox 1014 1143 1054 1179; x_wconf 91' lang='lat' dir='ltr'>et</span> <span class='ocrx_word' id='word_1_112' title='bbox 1090 1140 1290 1190; x_wconf 76' lang='lat' dir='ltr'>sagaciter</span> <span class='ocrx_word' id='word_1_113' title='bbox 1329 1139 1545 1180; x_wconf 84' lang='lat' dir='ltr'>illustravit</span> <span class='ocrx_word' id='word_1_114' title='bbox 1577 1140 1622 1180; x_wconf 92' lang='lat' dir='ltr'>A.</span> <span class='ocrx_word' id='word_1_115' title='bbox 1650 1140 1839 1180; x_wconf 88' lang='lat' dir='ltr'>Wilhelm</span> 
     </span>
     <span class='ocr_line' id='line_1_15' title="bbox 254 1206 838 1259; baseline 0 -13"><span class='ocrx_word' id='word_1_116' title='bbox 254 1207 404 1247; x_wconf 90' lang='lat' dir='ltr'>ibidem</span> <span class='ocrx_word' id='word_1_117' title='bbox 439 1207 546 1246; x_wconf 73' lang='lat'>4904</span> <span class='ocrx_word' id='word_1_118' title='bbox 579 1220 618 1259; x_wconf 88' lang='lat' dir='ltr'>p.</span> <span class='ocrx_word' id='word_1_119' title='bbox 645 1206 697 1246; x_wconf 87' lang='grc'>97</span> <span class='ocrx_word' id='word_1_120' title='bbox 730 1219 768 1246; x_wconf 92' lang='lat' dir='ltr'>n.</span> <span class='ocrx_word' id='word_1_121' title='bbox 792 1208 838 1246; x_wconf 94' lang='grc' dir='ltr'>ΙΙ.</span> 
     </span>
    </p>
   </div>
   <div class='ocr_carea' id='block_1_5' title="bbox 325 1309 1858 1654">
    <p class='ocr_par' dir='ltr' id='par_1_5' title="bbox 325 1309 1858 1654">
     <span class='ocr_line' id='line_1_16' title="bbox 364 1309 1858 1378; baseline 0.003 -18"><span class='ocrx_word' id='word_1_122' title='bbox 364 1318 453 1361; x_wconf 85' lang='grc' dir='ltr'>Ἐπὶ</span> <span class='ocrx_word' id='word_1_123' title='bbox 498 1320 721 1375; x_wconf 77' lang='grc' dir='ltr'>ἡγεμόνος1</span> <span class='ocrx_word' id='word_1_124' title='bbox 762 1317 1035 1376; x_wconf 81' lang='grc' dir='ltr'>Ἐπανδρίδου.</span> <span class='ocrx_word' id='word_1_125' title='bbox 1086 1319 1091 1375; x_wconf 78' lang='grc' dir='ltr'>Ι</span> <span class='ocrx_word' id='word_1_126' title='bbox 1141 1319 1352 1363; x_wconf 78' lang='grc' dir='ltr'>Μικυθίων</span> <span class='ocrx_word' id='word_1_127' title='bbox 1397 1319 1667 1378; x_wconf 79' lang='grc' dir='ltr'>Χαριδοίμου2</span> <span class='ocrx_word' id='word_1_128' title='bbox 1710 1309 1858 1364; x_wconf 59' lang='lat' dir='ltr'>etati-:wi</span> 
     </span>
     <span class='ocr_line' id='line_1_17' title="bbox 371 1386 1837 1449; baseline 0.001 -18"><span class='ocrx_word' id='word_1_129' title='bbox 371 1389 509 1445; x_wconf 83' lang='grc' dir='ltr'>ἐπειδὴ</span> <span class='ocrx_word' id='word_1_130' title='bbox 540 1386 723 1446; x_wconf 85' lang='grc' dir='ltr'>Ἀρίστων</span> <span class='ocrx_word' id='word_1_131' title='bbox 747 1386 1015 1446; x_wconf 82' lang='grc' dir='ltr'>Ἡρακλείδου</span> <span class='ocrx_word' id='word_1_132' title='bbox 1047 1388 1195 1437; x_wconf 82' lang='grc' dir='ltr'>Σολεὺς</span> <span class='ocrx_word' id='word_1_133' title='bbox 1232 1389 1371 1437; x_wconf 79' lang='grc' dir='ltr'>εὔνους</span> <span class='ocrx_word' id='word_1_134' title='bbox 1403 1388 1594 1447; x_wconf 83' lang='grc' dir='ltr'>ὑπάρχων</span> <span class='ocrx_word' id='word_1_135' title='bbox 1625 1391 1800 1433; x_wconf 85' lang='grc' dir='ltr'>διατελεῖ</span> <span class='ocrx_word' id='word_1_136' title='bbox 1831 1391 1837 1449; x_wconf 86' lang='grc'>1</span> 
     </span>
     <span class='ocr_line' id='line_1_18' title="bbox 369 1456 1855 1517; baseline 0.001 -17"><span class='ocrx_word' id='word_1_137' title='bbox 369 1460 442 1500; x_wconf 86' lang='grc' dir='ltr'>τῶι</span> <span class='ocrx_word' id='word_1_138' title='bbox 469 1460 603 1514; x_wconf 78' lang='grc' dir='ltr'>δήμωι</span> <span class='ocrx_word' id='word_1_139' title='bbox 632 1460 705 1500; x_wconf 84' lang='grc' dir='ltr'>τῶι</span> <span class='ocrx_word' id='word_1_140' title='bbox 726 1456 964 1500; x_wconf 81' lang='grc' dir='ltr'>Χαλκιδέων</span> <span class='ocrx_word' id='word_1_141' title='bbox 995 1457 1064 1500; x_wconf 77' lang='grc' dir='ltr'>καὶ</span> <span class='ocrx_word' id='word_1_142' title='bbox 1093 1459 1256 1506; x_wconf 84' lang='grc' dir='ltr'>πολλοῖς</span> <span class='ocrx_word' id='word_1_143' title='bbox 1286 1461 1363 1500; x_wconf 87' lang='grc' dir='ltr'>τῶν</span> <span class='ocrx_word' id='word_1_144' title='bbox 1393 1461 1564 1502; x_wconf 82' lang='grc' dir='ltr'>πολιτῶν</span> <span class='ocrx_word' id='word_1_145' title='bbox 1587 1460 1855 1517; x_wconf 71' lang='grc' dir='ltr'>χρήσ(ι)μος3</span> 
     </span>
     <span class='ocr_line' id='line_1_19' title="bbox 368 1525 1836 1584; baseline 0.001 -16"><span class='ocrx_word' id='word_1_146' title='bbox 368 1527 521 1582; x_wconf 77' lang='grc' dir='ltr'>γίνεται</span> <span class='ocrx_word' id='word_1_147' title='bbox 551 1529 608 1574; x_wconf 87' lang='grc' dir='ltr'>εἰς</span> <span class='ocrx_word' id='word_1_148' title='bbox 641 1527 666 1568; x_wconf 89' lang='grc' dir='ltr'><strong>ἃ</strong></span> <span class='ocrx_word' id='word_1_149' title='bbox 698 1526 745 1568; x_wconf 84' lang='grc' dir='ltr'>ἄν</span> <span class='ocrx_word' id='word_1_150' title='bbox 777 1543 832 1574; x_wconf 89' lang='grc' dir='ltr'>τις</span> <span class='ocrx_word' id='word_1_151' title='bbox 866 1526 982 1569; x_wconf 81' lang='grc' dir='ltr'>αὐτὸν</span> <span class='ocrx_word' id='word_1_152' title='bbox 1017 1526 1022 1584; x_wconf 68' lang='grc'>1</span> <span class='ocrx_word' id='word_1_153' title='bbox 1056 1530 1288 1584; x_wconf 79' lang='grc' dir='ltr'>παρακαλῇ,</span> <span class='ocrx_word' id='word_1_154' title='bbox 1321 1525 1563 1584; x_wconf 79' lang='grc' dir='ltr'>ἐκπεμφθεὶς</span> <span class='ocrx_word' id='word_1_155' title='bbox 1593 1527 1638 1571; x_wconf 84' lang='grc' dir='ltr'>δὲ</span> <span class='ocrx_word' id='word_1_156' title='bbox 1663 1527 1732 1571; x_wconf 84' lang='grc' dir='ltr'>καὶ</span> <span class='ocrx_word' id='word_1_157' title='bbox 1762 1527 1836 1570; x_wconf 82' lang='grc' dir='ltr'>ὑπὸ</span> 
     </span>
     <span class='ocr_line' id='line_1_20' title="bbox 325 1595 1839 1654; baseline 0.002 -18"><span class='ocrx_word' id='word_1_158' title='bbox 325 1608 345 1639; x_wconf 89' lang='lat'>5</span> <span class='ocrx_word' id='word_1_159' title='bbox 372 1599 441 1637; x_wconf 78' lang='grc' dir='ltr'>τοῦ</span> <span class='ocrx_word' id='word_1_160' title='bbox 479 1596 676 1651; x_wconf 82' lang='grc' dir='ltr'>βασιλέως</span> <span class='ocrx_word' id='word_1_161' title='bbox 710 1595 964 1651; x_wconf 85' lang='grc' dir='ltr'>Πτολεμαίου</span> <span class='ocrx_word' id='word_1_162' title='bbox 1007 1599 1074 1638; x_wconf 77' lang='grc' dir='ltr'>τοῦ</span> <span class='ocrx_word' id='word_1_163' title='bbox 1110 1597 1409 1653; x_wconf 75' lang='grc' dir='ltr'>πρεσβυτέρου4</span> <span class='ocrx_word' id='word_1_164' title='bbox 1443 1595 1508 1639; x_wconf 83' lang='grc' dir='ltr'>ἐπὶ</span> <span class='ocrx_word' id='word_1_165' title='bbox 1542 1600 1614 1653; x_wconf 87' lang='grc' dir='ltr'>τῆς</span> <span class='ocrx_word' id='word_1_166' title='bbox 1643 1595 1655 1654; x_wconf 77' lang='grc' dir='ltr'>Η</span> <span class='ocrx_word' id='word_1_167' title='bbox 1685 1601 1839 1653; x_wconf 75' lang='grc' dir='ltr'>σιτικῆς</span> 
     </span>
    </p>
   </div>
   <div class='ocr_carea' id='block_1_6' title="bbox 1743 1353 1858 3126">
    <p class='ocr_par' dir='ltr' id='par_1_6' title="bbox 1743 1353 1858 3126">
     <span class='ocr_line' id='line_1_21' title="bbox 1842 1353 1858 1408; baseline 0 1718"><span class='ocrx_word' id='word_1_168' title='bbox 1842 1353 1858 1408; x_wconf 95' lang='lat' dir='ltr'> </span> 
     </span>
     <span class='ocr_line' id='line_1_22' title="bbox 1842 1408 1858 1613; baseline 0 -66"><span class='ocrx_word' id='word_1_169' title='bbox 1842 1408 1858 1613; x_wconf 95' lang='lat' dir='ltr'>    </span> 
     </span>
     <span class='ocr_line' id='line_1_23' title="bbox 1823 1613 1858 1824; baseline 0 0"><span class='ocrx_word' id='word_1_170' title='bbox 1823 1613 1858 1824; x_wconf 95' lang='lat' dir='ltr'>    </span> 
     </span>
     <span class='ocr_line' id='line_1_24' title="bbox 1798 1824 1858 1970; baseline 0 -62"><span class='ocrx_word' id='word_1_171' title='bbox 1798 1824 1858 1970; x_wconf 95' lang='lat' dir='ltr'>   </span> 
     </span>
     <span class='ocr_line' id='line_1_25' title="bbox 1802 1970 1858 2145; baseline 0 -149"><span class='ocrx_word' id='word_1_172' title='bbox 1802 1970 1858 2145; x_wconf 95' lang='lat' dir='ltr'>     </span> 
     </span>
     <span class='ocr_line' id='line_1_26' title="bbox 1827 2145 1858 2200; baseline 0 926"><span class='ocrx_word' id='word_1_173' title='bbox 1827 2145 1858 2200; x_wconf 95' lang='lat' dir='ltr'> </span> 
     </span>
     <span class='ocr_line' id='line_1_27' title="bbox 1789 2200 1858 2368; baseline 0 -156"><span class='ocrx_word' id='word_1_174' title='bbox 1789 2200 1858 2368; x_wconf 95' lang='lat' dir='ltr'>     </span> 
     </span>
     <span class='ocr_line' id='line_1_28' title="bbox 1795 2368 1858 2483; baseline 0 -89"><span class='ocrx_word' id='word_1_175' title='bbox 1795 2368 1858 2483; x_wconf 95' lang='lat' dir='ltr'>   </span> 
     </span>
     <span class='ocr_line' id='line_1_29' title="bbox 1752 2528 1858 2623; baseline 0 -28"><span class='ocrx_word' id='word_1_176' title='bbox 1752 2528 1858 2623; x_wconf 95' lang='lat' dir='ltr'>  </span> 
     </span>
     <span class='ocr_line' id='line_1_30' title="bbox 1754 2623 1858 2740; baseline 0 -29"><span class='ocrx_word' id='word_1_177' title='bbox 1754 2623 1858 2740; x_wconf 95' lang='lat' dir='ltr'>  </span> 
     </span>
     <span class='ocr_line' id='line_1_31' title="bbox 1743 2740 1858 3126; baseline 0 0"><span class='ocrx_word' id='word_1_178' title='bbox 1743 2740 1858 3126; x_wconf 95' lang='lat' dir='ltr'>   </span> 
     </span>
    </p>
   </div>
   <div class='ocr_carea' id='block_1_7' title="bbox 256 1727 1857 2980">
    <p class='ocr_par' dir='ltr' id='par_1_7' title="bbox 256 1727 1857 2980">
     <span class='ocr_line' id='line_1_32' title="bbox 349 1727 1840 1772; baseline 0.001 -11"><span class='ocrx_word' id='word_1_179' title='bbox 349 1731 502 1762; x_wconf 77' lang='lat' dir='ltr'>Litterae</span> <span class='ocrx_word' id='word_1_180' title='bbox 527 1731 663 1763; x_wconf 84' lang='grc' dir='ltr'>ΑΞΠΣ.</span> <span class='ocrx_word' id='word_1_181' title='bbox 784 1732 795 1760; x_wconf 99' lang='grc'><strong>4</strong></span> <span class='ocrx_word' id='word_1_182' title='bbox 828 1730 867 1762; x_wconf 89' lang='lat' dir='ltr'>In</span> <span class='ocrx_word' id='word_1_183' title='bbox 893 1729 1038 1762; x_wconf 86' lang='lat' dir='ltr'>decreto</span> <span class='ocrx_word' id='word_1_184' title='bbox 1057 1730 1346 1763; x_wconf 86' lang='lat' dir='ltr'>Chalcidensium</span> <span class='ocrx_word' id='word_1_185' title='bbox 1372 1730 1470 1762; x_wconf 87' lang='lat' dir='ltr'>tertii</span> <span class='ocrx_word' id='word_1_186' title='bbox 1494 1739 1529 1772; x_wconf 89' lang='lat' dir='ltr'>p.</span> <span class='ocrx_word' id='word_1_187' title='bbox 1548 1730 1628 1764; x_wconf 89' lang='lat' dir='ltr'>Chr.</span> <span class='ocrx_word' id='word_1_188' title='bbox 1647 1739 1680 1763; x_wconf 90' lang='lat' dir='ltr'>n.</span> <span class='ocrx_word' id='word_1_189' title='bbox 1705 1727 1840 1763; x_wconf 85' lang='lat' dir='ltr'>saecul</span> 
     </span>
     <span class='ocr_line' id='line_1_33' title="bbox 257 1782 1845 1833; baseline 0.001 -14"><span class='ocrx_word' id='word_1_190' title='bbox 257 1786 359 1829; x_wconf 83' lang='lat' dir='ltr'>Syll.2</span> <span class='ocrx_word' id='word_1_191' title='bbox 377 1790 452 1829; x_wconf 87' lang='lat'><strong>607,</strong></span> <span class='ocrx_word' id='word_1_192' title='bbox 473 1790 492 1818; x_wconf 82' lang='lat'><strong>2</strong></span> <span class='ocrx_word' id='word_1_193' title='bbox 520 1784 576 1819; x_wconf 84' lang='grc' dir='ltr'>ἐπὶ</span> <span class='ocrx_word' id='word_1_194' title='bbox 599 1784 765 1832; x_wconf 72' lang='grc' dir='ltr'>ἡγεμόνος</span> <span class='ocrx_word' id='word_1_195' title='bbox 791 1782 988 1828; x_wconf 79' lang='grc' dir='ltr'>Κλ(αυὸίου)</span> <span class='ocrx_word' id='word_1_196' title='bbox 1014 1783 1190 1830; x_wconf 85' lang='grc' dir='ltr'>Ἀμιάντου</span> <span class='ocrx_word' id='word_1_197' title='bbox 1216 1789 1282 1830; x_wconf 82' lang='lat' dir='ltr'>est,</span> <span class='ocrx_word' id='word_1_198' title='bbox 1316 1787 1418 1830; x_wconf 88' lang='lat' dir='ltr'>quod</span> <span class='ocrx_word' id='word_1_199' title='bbox 1447 1796 1532 1820; x_wconf 82' lang='lat' dir='ltr'>cum</span> <span class='ocrx_word' id='word_1_200' title='bbox 1557 1785 1697 1833; x_wconf 77' lang='grc' dir='ltr'>ἡγεμών</span> <span class='ocrx_word' id='word_1_201' title='bbox 1726 1788 1845 1830; x_wconf 79' lang='lat' dir='ltr'>magi</span> 
     </span>
     <span class='ocr_line' id='line_1_34' title="bbox 256 1845 1854 1887; baseline 0.001 -11"><span class='ocrx_word' id='word_1_202' title='bbox 256 1846 392 1877; x_wconf 83' lang='lat' dir='ltr'>stratus</span> <span class='ocrx_word' id='word_1_203' title='bbox 418 1845 542 1877; x_wconf 84' lang='lat' dir='ltr'>Graeci</span> <span class='ocrx_word' id='word_1_204' title='bbox 576 1853 705 1877; x_wconf 88' lang='lat' dir='ltr'>nomen</span> <span class='ocrx_word' id='word_1_205' title='bbox 740 1846 819 1876; x_wconf 91' lang='lat' dir='ltr'>tum</span> <span class='ocrx_word' id='word_1_206' title='bbox 851 1845 1054 1877; x_wconf 87' lang='lat' dir='ltr'>inauditum</span> <span class='ocrx_word' id='word_1_207' title='bbox 1087 1847 1193 1887; x_wconf 87' lang='lat' dir='ltr'>esset,</span> <span class='ocrx_word' id='word_1_208' title='bbox 1226 1845 1270 1877; x_wconf 92' lang='lat' dir='ltr'>de</span> <span class='ocrx_word' id='word_1_209' title='bbox 1300 1845 1516 1887; x_wconf 84' lang='lat' dir='ltr'>proconsule</span> <span class='ocrx_word' id='word_1_210' title='bbox 1545 1845 1700 1878; x_wconf 79' lang='lat' dir='ltr'>Achaiae</span> <span class='ocrx_word' id='word_1_211' title='bbox 1731 1845 1824 1878; x_wconf 87' lang='lat' dir='ltr'>inter</span> <span class='ocrx_word' id='word_1_212' title='bbox 1851 1846 1854 1847; x_wconf 71' lang='grc'>’</span> 
     </span>
     <span class='ocr_line' id='line_1_35' title="bbox 258 1900 1844 1947; baseline 0.001 -13"><span class='ocrx_word' id='word_1_213' title='bbox 258 1905 420 1944; x_wconf 82' lang='lat' dir='ltr'>pretatus</span> <span class='ocrx_word' id='word_1_214' title='bbox 445 1911 538 1944; x_wconf 86' lang='lat' dir='ltr'>sum,</span> <span class='ocrx_word' id='word_1_215' title='bbox 571 1902 657 1944; x_wconf 85' lang='lat' dir='ltr'>quia</span> <span class='ocrx_word' id='word_1_216' title='bbox 682 1902 866 1944; x_wconf 85' lang='lat' dir='ltr'>praesides</span> <span class='ocrx_word' id='word_1_217' title='bbox 891 1903 1165 1943; x_wconf 85' lang='lat' dir='ltr'>provinciarum</span> <span class='ocrx_word' id='word_1_218' title='bbox 1191 1902 1387 1935; x_wconf 77' lang='lat' dir='ltr'>cuiuslibet</span> <span class='ocrx_word' id='word_1_219' title='bbox 1416 1902 1553 1936; x_wconf 84' lang='lat' dir='ltr'>ordinis</span> <span class='ocrx_word' id='word_1_220' title='bbox 1584 1900 1752 1947; x_wconf 80' lang='grc' dir='ltr'>ἡγεμόνας</span> <span class='ocrx_word' id='word_1_221' title='bbox 1777 1911 1815 1935; x_wconf 82' lang='lat' dir='ltr'>a·</span> <span class='ocrx_word' id='word_1_222' title='bbox 1837 1917 1844 1926; x_wconf 38' lang='lat'>*-</span> 
     </span>
     <span class='ocr_line' id='line_1_36' title="bbox 256 1959 1851 2002; baseline 0 -10"><span class='ocrx_word' id='word_1_223' title='bbox 256 1961 381 2002; x_wconf 90' lang='lat' dir='ltr'>pellari</span> <span class='ocrx_word' id='word_1_224' title='bbox 407 1962 559 1992; x_wconf 86' lang='lat' dir='ltr'>constat.</span> <span class='ocrx_word' id='word_1_225' title='bbox 607 1959 674 1991; x_wconf 91' lang='lat' dir='ltr'>Sed</span> <span class='ocrx_word' id='word_1_226' title='bbox 708 1968 803 1992; x_wconf 88' lang='lat' dir='ltr'>nunc</span> <span class='ocrx_word' id='word_1_227' title='bbox 833 1961 1084 2000; x_wconf 85' lang='lat' dir='ltr'>magistratum</span> <span class='ocrx_word' id='word_1_228' title='bbox 1114 1969 1337 2002; x_wconf 85' lang='lat' dir='ltr'>eponymum</span> <span class='ocrx_word' id='word_1_229' title='bbox 1368 1961 1526 1993; x_wconf 84' lang='lat' dir='ltr'>civitatis</span> <span class='ocrx_word' id='word_1_230' title='bbox 1550 1960 1851 1993; x_wconf 66' lang='lat' dir='ltr'>Chalcidensium*</span> 
     </span>
     <span class='ocr_line' id='line_1_37' title="bbox 257 2017 1837 2059; baseline 0.001 -10"><span class='ocrx_word' id='word_1_231' title='bbox 257 2018 379 2059; x_wconf 89' lang='lat' dir='ltr'>potius</span> <span class='ocrx_word' id='word_1_232' title='bbox 405 2018 472 2049; x_wconf 90' lang='lat' dir='ltr'>hac</span> <span class='ocrx_word' id='word_1_233' title='bbox 497 2017 737 2058; x_wconf 80' lang='lat' dir='ltr'>appellatione</span> <span class='ocrx_word' id='word_1_234' title='bbox 762 2025 870 2049; x_wconf 89' lang='lat' dir='ltr'>usum</span> <span class='ocrx_word' id='word_1_235' title='bbox 895 2025 975 2050; x_wconf 91' lang='lat' dir='ltr'>esse</span> <span class='ocrx_word' id='word_1_236' title='bbox 1000 2020 1150 2059; x_wconf 85' lang='lat' dir='ltr'>apparet</span> <span class='ocrx_word' id='word_1_237' title='bbox 1174 2027 1258 2050; x_wconf 92' lang='lat' dir='ltr'>cum</span> <span class='ocrx_word' id='word_1_238' title='bbox 1283 2026 1328 2049; x_wconf 87' lang='lat' dir='ltr'>ex</span> <span class='ocrx_word' id='word_1_239' title='bbox 1353 2018 1422 2050; x_wconf 84' lang='lat' dir='ltr'>hoc</span> <span class='ocrx_word' id='word_1_240' title='bbox 1439 2017 1584 2050; x_wconf 88' lang='lat' dir='ltr'>decreto</span> <span class='ocrx_word' id='word_1_241' title='bbox 1600 2018 1680 2050; x_wconf 86' lang='lat' dir='ltr'>tum</span> <span class='ocrx_word' id='word_1_242' title='bbox 1698 2026 1743 2050; x_wconf 82' lang='lat' dir='ltr'>ex</span> <span class='ocrx_word' id='word_1_243' title='bbox 1760 2017 1837 2050; x_wconf 86' lang='lat' dir='ltr'>ali‘</span> 
     </span>
     <span class='ocr_line' id='line_1_38' title="bbox 257 2070 1837 2120; baseline 0.001 -14"><span class='ocrx_word' id='word_1_244' title='bbox 257 2075 420 2106; x_wconf 88' lang='lat' dir='ltr'>eiusdem</span> <span class='ocrx_word' id='word_1_245' title='bbox 454 2075 604 2115; x_wconf 83' lang='lat' dir='ltr'>generis.</span> <span class='ocrx_word' id='word_1_246' title='bbox 653 2074 702 2106; x_wconf 83' lang='lat' dir='ltr'>Cf.</span> <span class='ocrx_word' id='word_1_247' title='bbox 725 2070 855 2119; x_wconf 79' lang='grc' dir='ltr'>Ἐφημ.</span> <span class='ocrx_word' id='word_1_248' title='bbox 881 2072 958 2119; x_wconf 84' lang='grc' dir='ltr'>ἀρχ.</span> <span class='ocrx_word' id='word_1_249' title='bbox 986 2077 1071 2106; x_wconf 86' lang='grc'><strong>4903</strong></span> <span class='ocrx_word' id='word_1_250' title='bbox 1107 2083 1141 2116; x_wconf 94' lang='lat' dir='ltr'>p.</span> <span class='ocrx_word' id='word_1_251' title='bbox 1163 2077 1225 2106; x_wconf 88' lang='grc'>449</span> <span class='ocrx_word' id='word_1_252' title='bbox 1252 2084 1285 2107; x_wconf 87' lang='lat' dir='ltr'>n.</span> <span class='ocrx_word' id='word_1_253' title='bbox 1308 2077 1340 2116; x_wconf 81' lang='lat'>2,</span> <span class='ocrx_word' id='word_1_254' title='bbox 1365 2076 1378 2106; x_wconf 89' lang='grc'><strong>4</strong></span> <span class='ocrx_word' id='word_1_255' title='bbox 1417 2071 1472 2107; x_wconf 85' lang='grc' dir='ltr'>ἐπὶ</span> <span class='ocrx_word' id='word_1_256' title='bbox 1503 2071 1672 2119; x_wconf 79' lang='grc' dir='ltr'>ἡγεμόνος</span> <span class='ocrx_word' id='word_1_257' title='bbox 1694 2070 1805 2120; x_wconf 79' lang='grc' dir='ltr'><strong>Ἀρχία</strong></span> <span class='ocrx_word' id='word_1_258' title='bbox 1834 2116 1837 2117; x_wconf 19' lang='lat'><em>⁷</em></span> 
     </span>
     <span class='ocr_line' id='line_1_39' title="bbox 258 2127 1827 2176; baseline 0.001 -13"><span class='ocrx_word' id='word_1_259' title='bbox 258 2141 290 2173; x_wconf 88' lang='lat' dir='ltr'>p.</span> <span class='ocrx_word' id='word_1_260' title='bbox 318 2134 380 2163; x_wconf 78' lang='grc'>423</span> <span class='ocrx_word' id='word_1_261' title='bbox 409 2140 440 2163; x_wconf 91' lang='lat' dir='ltr'>n.</span> <span class='ocrx_word' id='word_1_262' title='bbox 467 2134 495 2173; x_wconf 86' lang='lat'>3,</span> <span class='ocrx_word' id='word_1_263' title='bbox 523 2134 535 2162; x_wconf 92' lang='grc'><strong>4</strong></span> <span class='ocrx_word' id='word_1_264' title='bbox 581 2130 636 2162; x_wconf 80' lang='grc' dir='ltr'>ἐπὶ</span> <span class='ocrx_word' id='word_1_265' title='bbox 671 2129 840 2175; x_wconf 76' lang='grc' dir='ltr'>ἡγεμόνος</span> <span class='ocrx_word' id='word_1_266' title='bbox 877 2128 1065 2169; x_wconf 79' lang='grc' dir='ltr'>Δεξιτὲλου.</span> <span class='ocrx_word' id='word_1_267' title='bbox 1109 2140 1141 2163; x_wconf 89' lang='lat' dir='ltr'>n.</span> <span class='ocrx_word' id='word_1_268' title='bbox 1171 2133 1200 2173; x_wconf 78' lang='lat'>4,</span> <span class='ocrx_word' id='word_1_269' title='bbox 1234 2134 1245 2163; x_wconf 88' lang='grc'><strong>4</strong></span> <span class='ocrx_word' id='word_1_270' title='bbox 1289 2129 1345 2163; x_wconf 81' lang='grc' dir='ltr'>ἐπὶ</span> <span class='ocrx_word' id='word_1_271' title='bbox 1379 2129 1548 2176; x_wconf 80' lang='grc' dir='ltr'>ἡγεμόνος</span> <span class='ocrx_word' id='word_1_272' title='bbox 1582 2127 1827 2174; x_wconf 66' lang='grc' dir='ltr'>Ἀν[τιλέ]οντοζ</span> 
     </span>
     <span class='ocr_line' id='line_1_40' title="bbox 259 2182 1831 2230; baseline 0.002 -10"><span class='ocrx_word' id='word_1_273' title='bbox 259 2192 278 2220; x_wconf 78' lang='lat'>2</span> <span class='ocrx_word' id='word_1_274' title='bbox 310 2189 483 2230; x_wconf 82' lang='lat' dir='ltr'>Micythio</span> <span class='ocrx_word' id='word_1_275' title='bbox 509 2188 711 2229; x_wconf 83' lang='lat' dir='ltr'>Micylionis</span> <span class='ocrx_word' id='word_1_276' title='bbox 737 2188 757 2219; x_wconf 80' lang='lat' dir='ltr'>f.</span> <span class='ocrx_word' id='word_1_277' title='bbox 784 2188 953 2229; x_wconf 89' lang='lat' dir='ltr'>princeps</span> <span class='ocrx_word' id='word_1_278' title='bbox 978 2189 1055 2219; x_wconf 90' lang='lat' dir='ltr'>tum</span> <span class='ocrx_word' id='word_1_279' title='bbox 1083 2190 1160 2219; x_wconf 88' lang='lat' dir='ltr'>erat</span> <span class='ocrx_word' id='word_1_280' title='bbox 1184 2188 1349 2221; x_wconf 78' lang='lat' dir='ltr'>factionis</span> <span class='ocrx_word' id='word_1_281' title='bbox 1373 2189 1554 2223; x_wconf 83' lang='lat' dir='ltr'>Romanae</span> <span class='ocrx_word' id='word_1_282' title='bbox 1583 2189 1679 2222; x_wconf 85' lang='lat' dir='ltr'>inter</span> <span class='ocrx_word' id='word_1_283' title='bbox 1702 2189 1787 2223; x_wconf 82' lang='lat' dir='ltr'>Chal</span> <span class='ocrx_word' id='word_1_284' title='bbox 1824 2182 1831 2190; x_wconf 82' lang='lat'>&#39;</span> 
     </span>
     <span class='ocr_line' id='line_1_41' title="bbox 258 2238 1810 2290; baseline 0 -12"><span class='ocrx_word' id='word_1_285' title='bbox 258 2247 387 2278; x_wconf 73' lang='lat' dir='ltr'>denses</span> <span class='ocrx_word' id='word_1_286' title='bbox 413 2246 497 2286; x_wconf 66' lang='grc' dir='ltr'>(ων.</span> <span class='ocrx_word' id='word_1_287' title='bbox 524 2245 667 2285; x_wconf 83' lang='lat' dir='ltr'>xxxv,</span> <span class='ocrx_word' id='word_1_288' title='bbox 688 2247 741 2286; x_wconf 81' lang='lat'>38,</span> <span class='ocrx_word' id='word_1_289' title='bbox 761 2247 790 2276; x_wconf 79' lang='grc'>4.</span> <span class='ocrx_word' id='word_1_290' title='bbox 823 2246 876 2286; x_wconf 79' lang='lat'>46,</span> <span class='ocrx_word' id='word_1_291' title='bbox 902 2238 932 2277; x_wconf 78' lang='lat'>9.</span> <span class='ocrx_word' id='word_1_292' title='bbox 965 2247 1018 2286; x_wconf 83' lang='lat'>50,</span> <span class='ocrx_word' id='word_1_293' title='bbox 1038 2247 1091 2276; x_wconf 77' lang='lat'>⁴0.</span> <span class='ocrx_word' id='word_1_294' title='bbox 1125 2247 1178 2286; x_wconf 78' lang='lat'>5⁴,</span> <span class='ocrx_word' id='word_1_295' title='bbox 1198 2248 1226 2277; x_wconf 86' lang='lat'>6.</span> <span class='ocrx_word' id='word_1_296' title='bbox 1264 2246 1382 2288; x_wconf 76' lang='lat' dir='ltr'>xmu,</span> <span class='ocrx_word' id='word_1_297' title='bbox 1407 2249 1438 2288; x_wconf 86' lang='lat'>7,</span> <span class='ocrx_word' id='word_1_298' title='bbox 1463 2250 1493 2280; x_wconf 84' lang='lat'>5.</span> <span class='ocrx_word' id='word_1_299' title='bbox 1534 2245 1638 2289; x_wconf 56' lang='grc' dir='ltr'>εγω</span> <span class='ocrx_word' id='word_1_300' title='bbox 1653 2250 1731 2290; x_wconf 76' lang='lat'><strong>288,</strong></span> <span class='ocrx_word' id='word_1_301' title='bbox 1749 2249 1810 2279; x_wconf 70' lang='lat'>23⁴</span> 
     </span>
     <span class='ocr_line' id='line_1_42' title="bbox 260 2301 1853 2346; baseline 0.001 -11"><span class='ocrx_word' id='word_1_302' title='bbox 260 2304 344 2335; x_wconf 91' lang='lat' dir='ltr'>Eius</span> <span class='ocrx_word' id='word_1_303' title='bbox 369 2303 558 2344; x_wconf 84' lang='lat' dir='ltr'>rogatione</span> <span class='ocrx_word' id='word_1_304' title='bbox 589 2312 609 2334; x_wconf 91' lang='lat' dir='ltr'>a</span> <span class='ocrx_word' id='word_1_305' title='bbox 639 2301 776 2343; x_wconf 92' lang='lat' dir='ltr'>populo</span> <span class='ocrx_word' id='word_1_306' title='bbox 809 2304 958 2343; x_wconf 90' lang='lat' dir='ltr'>propter</span> <span class='ocrx_word' id='word_1_307' title='bbox 990 2302 1317 2344; x_wconf 83' lang='lat' dir='ltr'>gymnasiarchiam</span> <span class='ocrx_word' id='word_1_308' title='bbox 1352 2304 1441 2336; x_wconf 88' lang='lat' dir='ltr'>bene</span> <span class='ocrx_word' id='word_1_309' title='bbox 1471 2305 1610 2346; x_wconf 83' lang='lat' dir='ltr'>gestam</span> <span class='ocrx_word' id='word_1_310' title='bbox 1639 2303 1808 2337; x_wconf 85' lang='lat' dir='ltr'>honorib</span> <span class='ocrx_word' id='word_1_311' title='bbox 1850 2342 1853 2346; x_wconf 53' lang='grc'><strong>,</strong></span> 
     </span>
     <span class='ocr_line' id='line_1_43' title="bbox 259 2354 1809 2405; baseline 0.002 -13"><span class='ocrx_word' id='word_1_312' title='bbox 259 2360 408 2393; x_wconf 85' lang='lat' dir='ltr'>affectus</span> <span class='ocrx_word' id='word_1_313' title='bbox 432 2361 487 2392; x_wconf 90' lang='lat' dir='ltr'>est</span> <span class='ocrx_word' id='word_1_314' title='bbox 511 2359 747 2392; x_wconf 91' lang='lat' dir='ltr'>Charidamus</span> <span class='ocrx_word' id='word_1_315' title='bbox 771 2360 944 2391; x_wconf 87' lang='lat' dir='ltr'>Demetrii</span> <span class='ocrx_word' id='word_1_316' title='bbox 969 2359 989 2391; x_wconf 88' lang='lat' dir='ltr'>f.</span> <span class='ocrx_word' id='word_1_317' title='bbox 1017 2354 1108 2402; x_wconf 74' lang='grc' dir='ltr'>(Ἔφ.</span> <span class='ocrx_word' id='word_1_318' title='bbox 1125 2357 1202 2405; x_wconf 79' lang='grc' dir='ltr'><strong>ἀρχ.</strong></span> <span class='ocrx_word' id='word_1_319' title='bbox 1222 2363 1308 2392; x_wconf 81' lang='grc'><strong>4892</strong></span> <span class='ocrx_word' id='word_1_320' title='bbox 1335 2370 1368 2402; x_wconf 86' lang='lat' dir='ltr'>p.</span> <span class='ocrx_word' id='word_1_321' title='bbox 1390 2361 1474 2402; x_wconf 88' lang='grc'><strong>469).</strong></span> <span class='ocrx_word' id='word_1_322' title='bbox 1523 2361 1596 2394; x_wconf 86' lang='lat' dir='ltr'>Hos</span> <span class='ocrx_word' id='word_1_323' title='bbox 1619 2361 1809 2395; x_wconf 79' lang='lat' dir='ltr'>duumvir·</span> 
     </span>
     <span class='ocr_line' id='line_1_44' title="bbox 259 2408 1818 2461; baseline 0.001 -12"><span class='ocrx_word' id='word_1_324' title='bbox 259 2419 335 2450; x_wconf 90' lang='lat' dir='ltr'>sine</span> <span class='ocrx_word' id='word_1_325' title='bbox 366 2417 476 2449; x_wconf 92' lang='lat' dir='ltr'>dubio</span> <span class='ocrx_word' id='word_1_326' title='bbox 508 2417 661 2449; x_wconf 83' lang='lat' dir='ltr'>arctiore</span> <span class='ocrx_word' id='word_1_327' title='bbox 695 2416 849 2458; x_wconf 88' lang='lat' dir='ltr'>quadam</span> <span class='ocrx_word' id='word_1_328' title='bbox 882 2417 1021 2458; x_wconf 81' lang='lat' dir='ltr'>generis</span> <span class='ocrx_word' id='word_1_329' title='bbox 1054 2417 1318 2449; x_wconf 88' lang='lat' dir='ltr'>necessitudine</span> <span class='ocrx_word' id='word_1_330' title='bbox 1349 2418 1546 2460; x_wconf 81' lang='lat' dir='ltr'>attingebat</span> <span class='ocrx_word' id='word_1_331' title='bbox 1578 2418 1638 2451; x_wconf 86' lang='lat' dir='ltr'>hic</span> <span class='ocrx_word' id='word_1_332' title='bbox 1666 2408 1823 2461; x_wconf 56' lang='grc' dir='ltr'>Μὶογῑᾙ</span> 
     </span>
     <span class='ocr_line' id='line_1_45' title="bbox 259 2474 1851 2520; baseline 0.001 -13"><span class='ocrx_word' id='word_1_333' title='bbox 259 2475 463 2507; x_wconf 90' lang='lat' dir='ltr'>Charidami</span> <span class='ocrx_word' id='word_1_334' title='bbox 488 2474 521 2516; x_wconf 84' lang='lat' dir='ltr'>f.‚</span> <span class='ocrx_word' id='word_1_335' title='bbox 547 2475 625 2516; x_wconf 90' lang='lat' dir='ltr'>ipse</span> <span class='ocrx_word' id='word_1_336' title='bbox 649 2483 798 2515; x_wconf 84' lang='lat' dir='ltr'>quoque</span> <span class='ocrx_word' id='word_1_337' title='bbox 823 2474 1066 2506; x_wconf 85' lang='lat' dir='ltr'>Romanarum</span> <span class='ocrx_word' id='word_1_338' title='bbox 1091 2475 1250 2515; x_wconf 89' lang='lat' dir='ltr'>partium</span> <span class='ocrx_word' id='word_1_339' title='bbox 1277 2476 1424 2508; x_wconf 83' lang='lat' dir='ltr'>assecla.</span> <span class='ocrx_word' id='word_1_340' title='bbox 1560 2479 1576 2507; x_wconf 84' lang='lat'><strong>3</strong></span> <span class='ocrx_word' id='word_1_341' title='bbox 1609 2477 1820 2511; x_wconf 64' lang='lat' dir='ltr'>XPHXMO&gt;</span> <span class='ocrx_word' id='word_1_342' title='bbox 1847 2517 1851 2520; x_wconf 33' lang='grc'>,</span> 
     </span>
     <span class='ocr_line' id='line_1_46' title="bbox 261 2531 1796 2574; baseline 0.001 -10"><span class='ocrx_word' id='word_1_343' title='bbox 261 2535 278 2564; x_wconf 78' lang='grc'><strong>4</strong></span> <span class='ocrx_word' id='word_1_344' title='bbox 312 2533 401 2564; x_wconf 90' lang='lat' dir='ltr'>Cum</span> <span class='ocrx_word' id='word_1_345' title='bbox 443 2533 511 2564; x_wconf 91' lang='lat' dir='ltr'>iam</span> <span class='ocrx_word' id='word_1_346' title='bbox 553 2531 781 2574; x_wconf 89' lang='lat' dir='ltr'>Papavasiliu</span> <span class='ocrx_word' id='word_1_347' title='bbox 817 2540 858 2563; x_wconf 90' lang='lat' dir='ltr'>eo</span> <span class='ocrx_word' id='word_1_348' title='bbox 897 2531 1116 2573; x_wconf 87' lang='lat' dir='ltr'>inclinasset,</span> <span class='ocrx_word' id='word_1_349' title='bbox 1147 2533 1188 2563; x_wconf 87' lang='lat' dir='ltr'>ut</span> <span class='ocrx_word' id='word_1_350' title='bbox 1231 2532 1477 2564; x_wconf 87' lang='lat' dir='ltr'>Ptolemaeum</span> <span class='ocrx_word' id='word_1_351' title='bbox 1507 2532 1554 2564; x_wconf 89' lang='lat' dir='ltr'>VI</span> <span class='ocrx_word' id='word_1_352' title='bbox 1597 2533 1796 2567; x_wconf 76' lang='lat' dir='ltr'>Philometo</span> 
     </span>
     <span class='ocr_line' id='line_1_47' title="bbox 259 2588 1817 2631; baseline 0.001 -10"><span class='ocrx_word' id='word_1_353' title='bbox 259 2590 489 2631; x_wconf 82' lang='lat' dir='ltr'>intellegeret,</span> <span class='ocrx_word' id='word_1_354' title='bbox 516 2589 682 2621; x_wconf 84' lang='lat' dir='ltr'>Wilhelm</span> <span class='ocrx_word' id='word_1_355' title='bbox 708 2588 932 2630; x_wconf 81' lang='lat' dir='ltr'>gravissimis</span> <span class='ocrx_word' id='word_1_356' title='bbox 957 2589 1178 2630; x_wconf 85' lang='lat' dir='ltr'>argumentis</span> <span class='ocrx_word' id='word_1_357' title='bbox 1203 2588 1331 2630; x_wconf 83' lang='lat' dir='ltr'>effecit,</span> <span class='ocrx_word' id='word_1_358' title='bbox 1356 2590 1536 2622; x_wconf 89' lang='lat' dir='ltr'>neminem</span> <span class='ocrx_word' id='word_1_359' title='bbox 1562 2589 1671 2622; x_wconf 89' lang='lat' dir='ltr'>alium</span> <span class='ocrx_word' id='word_1_360' title='bbox 1696 2590 1734 2623; x_wconf 92' lang='lat' dir='ltr'>in</span> <span class='ocrx_word' id='word_1_361' title='bbox 1784 2603 1817 2630; x_wconf 51' lang='grc' dir='ltr'>ια,</span> 
     </span>
     <span class='ocr_line' id='line_1_48' title="bbox 260 2645 1804 2689; baseline 0.001 -10"><span class='ocrx_word' id='word_1_362' title='bbox 260 2655 340 2679; x_wconf 88' lang='lat' dir='ltr'>sum</span> <span class='ocrx_word' id='word_1_363' title='bbox 366 2647 499 2679; x_wconf 88' lang='lat' dir='ltr'>venire.</span> <span class='ocrx_word' id='word_1_364' title='bbox 539 2647 678 2678; x_wconf 90' lang='lat' dir='ltr'>Etenim</span> <span class='ocrx_word' id='word_1_365' title='bbox 705 2646 742 2679; x_wconf 91' lang='lat' dir='ltr'>in</span> <span class='ocrx_word' id='word_1_366' title='bbox 766 2646 945 2679; x_wconf 88' lang='lat' dir='ltr'>eiusmodi</span> <span class='ocrx_word' id='word_1_367' title='bbox 963 2646 1108 2678; x_wconf 89' lang='lat' dir='ltr'>decreto</span> <span class='ocrx_word' id='word_1_368' title='bbox 1135 2645 1274 2677; x_wconf 86' lang='lat' dir='ltr'>solenni</span> <span class='ocrx_word' id='word_1_369' title='bbox 1299 2646 1380 2678; x_wconf 86' lang='lat' dir='ltr'>talis</span> <span class='ocrx_word' id='word_1_370' title='bbox 1406 2646 1597 2689; x_wconf 84' lang='lat' dir='ltr'>appellatio</span> <span class='ocrx_word' id='word_1_371' title='bbox 1620 2647 1742 2680; x_wconf 85' lang='lat' dir='ltr'>locum</span> <span class='ocrx_word' id='word_1_372' title='bbox 1766 2655 1804 2680; x_wconf 83' lang='lat' dir='ltr'><em>n</em></span> 
     </span>
     <span class='ocr_line' id='line_1_49' title="bbox 260 2703 1811 2747; baseline -0.003 -10"><span class='ocrx_word' id='word_1_373' title='bbox 260 2704 417 2737; x_wconf 88' lang='lat' dir='ltr'>habebat</span> <span class='ocrx_word' id='word_1_374' title='bbox 440 2705 510 2737; x_wconf 91' lang='lat' dir='ltr'>nisi</span> <span class='ocrx_word' id='word_1_375' title='bbox 534 2713 607 2746; x_wconf 90' lang='lat' dir='ltr'>quo</span> <span class='ocrx_word' id='word_1_376' title='bbox 634 2706 797 2746; x_wconf 87' lang='lat' dir='ltr'>tempore</span> <span class='ocrx_word' id='word_1_377' title='bbox 823 2704 895 2736; x_wconf 94' lang='lat' dir='ltr'>duo</span> <span class='ocrx_word' id='word_1_378' title='bbox 922 2704 1115 2736; x_wconf 85' lang='lat' dir='ltr'>Ptolemaei</span> <span class='ocrx_word' id='word_1_379' title='bbox 1139 2713 1212 2736; x_wconf 88' lang='lat' dir='ltr'>una</span> <span class='ocrx_word' id='word_1_380' title='bbox 1236 2703 1449 2745; x_wconf 81' lang='lat' dir='ltr'>regnabant;</span> <span class='ocrx_word' id='word_1_381' title='bbox 1480 2703 1516 2736; x_wconf 92' lang='lat' dir='ltr'>id</span> <span class='ocrx_word' id='word_1_382' title='bbox 1551 2713 1638 2737; x_wconf 84' lang='lat' dir='ltr'>vero</span> <span class='ocrx_word' id='word_1_383' title='bbox 1663 2713 1728 2747; x_wconf 88' lang='lat' dir='ltr'>per</span> <span class='ocrx_word' id='word_1_384' title='bbox 1766 2708 1811 2741; x_wconf 62' lang='grc' dir='ltr'>ιε]</span> 
     </span>
     <span class='ocr_line' id='line_1_50' title="bbox 260 2761 1794 2804; baseline 0 -9"><span class='ocrx_word' id='word_1_385' title='bbox 260 2765 426 2804; x_wconf 84' lang='lat' dir='ltr'>aetatem,</span> <span class='ocrx_word' id='word_1_386' title='bbox 459 2763 503 2795; x_wconf 88' lang='lat' dir='ltr'>de</span> <span class='ocrx_word' id='word_1_387' title='bbox 533 2771 605 2804; x_wconf 88' lang='lat' dir='ltr'>qua</span> <span class='ocrx_word' id='word_1_388' title='bbox 636 2762 694 2794; x_wconf 91' lang='lat' dir='ltr'>hic</span> <span class='ocrx_word' id='word_1_389' title='bbox 725 2762 872 2794; x_wconf 89' lang='lat' dir='ltr'>omnino</span> <span class='ocrx_word' id='word_1_390' title='bbox 906 2762 1057 2803; x_wconf 84' lang='lat' dir='ltr'>cogitari</span> <span class='ocrx_word' id='word_1_391' title='bbox 1088 2761 1181 2803; x_wconf 88' lang='lat' dir='ltr'>licet,</span> <span class='ocrx_word' id='word_1_392' title='bbox 1210 2769 1280 2794; x_wconf 91' lang='lat' dir='ltr'>non</span> <span class='ocrx_word' id='word_1_393' title='bbox 1310 2769 1383 2793; x_wconf 91' lang='lat' dir='ltr'>usu</span> <span class='ocrx_word' id='word_1_394' title='bbox 1407 2761 1507 2794; x_wconf 86' lang='lat' dir='ltr'>venit</span> <span class='ocrx_word' id='word_1_395' title='bbox 1535 2762 1604 2794; x_wconf 87' lang='lat' dir='ltr'>nisi</span> <span class='ocrx_word' id='word_1_396' title='bbox 1634 2770 1700 2804; x_wconf 87' lang='lat' dir='ltr'>per</span> <span class='ocrx_word' id='word_1_397' title='bbox 1723 2770 1794 2795; x_wconf 86' lang='lat' dir='ltr'>anu</span> 
     </span>
     <span class='ocr_line' id='line_1_51' title="bbox 263 2818 1857 2864; baseline 0.001 -13"><span class='ocrx_word' id='word_1_398' title='bbox 263 2822 440 2852; x_wconf 84' lang='grc'><strong>469-463</strong></span> <span class='ocrx_word' id='word_1_399' title='bbox 467 2829 497 2852; x_wconf 86' lang='lat' dir='ltr'>a.</span> <span class='ocrx_word' id='word_1_400' title='bbox 521 2820 602 2852; x_wconf 86' lang='lat' dir='ltr'>Chr.</span> <span class='ocrx_word' id='word_1_401' title='bbox 651 2819 758 2851; x_wconf 86' lang='lat' dir='ltr'>Recte</span> <span class='ocrx_word' id='word_1_402' title='bbox 783 2819 892 2860; x_wconf 86' lang='lat' dir='ltr'>igitur</span> <span class='ocrx_word' id='word_1_403' title='bbox 914 2819 950 2852; x_wconf 89' lang='lat' dir='ltr'>U.</span> <span class='ocrx_word' id='word_1_404' title='bbox 969 2819 1131 2860; x_wconf 87' lang='lat' dir='ltr'>Koehler,</span> <span class='ocrx_word' id='word_1_405' title='bbox 1161 2818 1207 2851; x_wconf 88' lang='lat' dir='ltr'>ad</span> <span class='ocrx_word' id='word_1_406' title='bbox 1231 2826 1340 2860; x_wconf 87' lang='lat' dir='ltr'>quem</span> <span class='ocrx_word' id='word_1_407' title='bbox 1365 2820 1541 2860; x_wconf 84' lang='lat' dir='ltr'>provocat</span> <span class='ocrx_word' id='word_1_408' title='bbox 1565 2818 1632 2862; x_wconf 89' lang='lat' dir='ltr'>W.,</span> <span class='ocrx_word' id='word_1_409' title='bbox 1665 2819 1711 2852; x_wconf 83' lang='lat' dir='ltr'>ad</span> <span class='ocrx_word' id='word_1_410' title='bbox 1741 2819 1802 2857; x_wconf 47' lang='lat' dir='ltr'>hy</span> <span class='ocrx_word' id='word_1_411' title='bbox 1851 2823 1857 2864; x_wconf 68' lang='lat' dir='ltr'>zI</span> 
     </span>
     <span class='ocr_line' id='line_1_52' title="bbox 260 2873 1853 2920; baseline 0.002 -11"><span class='ocrx_word' id='word_1_412' title='bbox 260 2877 414 2910; x_wconf 91' lang='lat' dir='ltr'>eundem</span> <span class='ocrx_word' id='word_1_413' title='bbox 440 2878 579 2909; x_wconf 87' lang='lat' dir='ltr'>rettulit</span> <span class='ocrx_word' id='word_1_414' title='bbox 603 2877 639 2910; x_wconf 90' lang='lat' dir='ltr'>C.</span> <span class='ocrx_word' id='word_1_415' title='bbox 658 2877 681 2909; x_wconf 92' lang='lat'>1.</span> <span class='ocrx_word' id='word_1_416' title='bbox 698 2877 768 2909; x_wconf 81' lang='lat' dir='ltr'>Att.</span> <span class='ocrx_word' id='word_1_417' title='bbox 786 2877 826 2919; x_wconf 87' lang='lat'>11,</span> <span class='ocrx_word' id='word_1_418' title='bbox 845 2879 922 2919; x_wconf 88' lang='grc'>968,</span> <span class='ocrx_word' id='word_1_419' title='bbox 943 2878 983 2909; x_wconf 71' lang='grc'>44</span> <span class='ocrx_word' id='word_1_420' title='bbox 1009 2874 1129 2920; x_wconf 76' lang='grc' dir='ltr'>κέλητι</span> <span class='ocrx_word' id='word_1_421' title='bbox 1153 2873 1309 2908; x_wconf 66' lang='grc' dir='ltr'>πωλικῶν.</span> <span class='ocrx_word' id='word_1_422' title='bbox 1334 2873 1491 2919; x_wconf 83' lang='grc' dir='ltr'>βασιλεὺς</span> <span class='ocrx_word' id='word_1_423' title='bbox 1510 2873 1723 2920; x_wconf 83' lang='grc' dir='ltr'>Πτολεμαῖος</span> <span class='ocrx_word' id='word_1_424' title='bbox 1751 2878 1801 2903; x_wconf 68' lang='lat' dir='ltr'>z..</span> <span class='ocrx_word' id='word_1_425' title='bbox 1852 2894 1853 2897; x_wconf 43' lang='lat'>¹</span> 
     </span>
     <span class='ocr_line' id='line_1_53' title="bbox 260 2930 1855 2980; baseline 0 -14"><span class='ocrx_word' id='word_1_426' title='bbox 260 2933 348 2971; x_wconf 79' lang='grc' dir='ltr'>λέως</span> <span class='ocrx_word' id='word_1_427' title='bbox 374 2932 588 2978; x_wconf 75' lang='grc' dir='ltr'>Πτολεμαίου</span> <span class='ocrx_word' id='word_1_428' title='bbox 614 2933 847 2980; x_wconf 78' lang='grc' dir='ltr'>πρεσβύτερος.</span> <span class='ocrx_word' id='word_1_429' title='bbox 889 2934 937 2967; x_wconf 86' lang='lat' dir='ltr'>Cf.</span> <span class='ocrx_word' id='word_1_430' title='bbox 964 2933 1087 2976; x_wconf 86' lang='lat' dir='ltr'>Polyb.</span> <span class='ocrx_word' id='word_1_431' title='bbox 1103 2933 1230 2975; x_wconf 88' lang='lat' dir='ltr'>XXIX,</span> <span class='ocrx_word' id='word_1_432' title='bbox 1249 2934 1303 2975; x_wconf 76' lang='lat'>23,</span> <span class='ocrx_word' id='word_1_433' title='bbox 1324 2934 1358 2965; x_wconf 76' lang='lat'>4:</span> <span class='ocrx_word' id='word_1_434' title='bbox 1388 2931 1454 2979; x_wconf 80' lang='grc' dir='ltr'>ἤδη</span> <span class='ocrx_word' id='word_1_435' title='bbox 1480 2930 1543 2979; x_wconf 77' lang='grc' dir='ltr'>γὰρ</span> <span class='ocrx_word' id='word_1_436' title='bbox 1569 2931 1739 2978; x_wconf 82' lang='grc' dir='ltr'>συνέβαινε</span> <span class='ocrx_word' id='word_1_437' title='bbox 1851 2950 1855 2972; x_wconf 80' lang='grc'>;</span> 
     </span>
    </p>
   </div>
  </div>
 </body>
</html>
