1858 3126
101 151 183 194 748]
539 149 753 183 Diocletiani
775 150 929 192 Augusti
953 152 1244 183 monumentum.
1597 150 1683 191 459

100 298 280 324 cunosum
303 289 499 323 exhibeant
522 298 668 332 nomen,
692 289 763 323 alia
785 290 977 331 integrum.
1025 289 1094 322 Sed
1119 289 1208 323 baec
1231 289 1380 331 quidem
1411 289 1502 322 adeo
1529 289 1624 322 inter
1647 297 1688 321 se

101 347 319 390 discrepant,
351 348 393 380 ut
415 347 597 380 neminem
621 347 779 390 lapidem
803 346 876 379 boc
900 346 980 379 loco
1009 347 1192 388 integrum
1223 346 1368 388 vidisse,
1404 346 1469 379 sed
1493 346 1686 380 nonnullos

100 405 250 438 titulum
273 404 516 438 audacissime
547 405 789 447 interpolasse
811 406 995 446 appareat.
1050 404 1191 436 Etenim
1220 404 1485 437 wilkinsonius
1515 404 1686 437 ΠΟΥΒΛΙ

101 462 380 496 ΟΟΘΠΑΡΧΟΟ
403 461 524 503 babet,
548 462 683 495 Kohler
707 461 1143 503 ΠΟΠΑΙΟΟΘΠΑΡΧΟΟ,
1168 461 1286 494 Jolm‘e
1307 463 1344 494 et
1366 461 1441 494 Salt
1466 462 1687 495 nocmloc

100 519 329 561 essAPXOC.
378 519 428 553 De
456 519 588 552 litteris
614 519 711 552 binis
742 518 942 552 initialibus
975 521 1011 551 et
1042 518 1212 552 finalibus
1245 519 1352 561 plane
1381 520 1537 560 constat,
1566 518 1688 551 media

98 575 274 619 pleraque
307 577 381 610 iam
413 577 618 619 primorum
647 576 945 619 apographorum
977 577 1095 609 aetate
1125 576 1280 609 evanida
1311 575 1422 608 fuisse
1455 575 1687 609 manifestum

99 634 166 666 est.
211 633 265 666 De
286 642 361 667 una
382 634 489 667 tertia
513 633 560 667 ab
584 634 687 666 initio
711 634 831 666 littera
853 633 1016 675 dubites;
1053 642 1149 675 quae
1170 642 1256 666 cuin
1280 633 1379 676 apud
1402 633 1510 666 wilk.
1527 634 1563 675 Υ,
1588 632 1687 675 apud

98 690 318 724 Koeblerum
342 691 381 733 n,
412 691 511 734 apud
538 691 689 724 Saltium
713 694 751 724 et
775 691 939 724 Pococke
963 693 994 725 c
1019 692 1078 732 sit,
1103 691 1278 733 proclivis
1301 692 1358 723 est
1380 691 1542 732 suspicio
1567 691 1685 732 ipsam

99 756 251 791 quoque
285 756 407 781 merae
442 748 673 781 coniecturae
708 748 843 781 deberi.
891 748 937 781 At
960 748 1057 781 Botti
1088 750 1124 780 et
1157 747 1314 789 nahaffy
1348 747 1467 790 lapide
1497 747 1687 789 diligenter

101 805 309 838 examinato
334 806 429 839 noc
454 807 554 838 certa
576 814 657 838 esse
681 806 1009 848 pronuntiaverunt
1034 805 1189 848 ideoque
1213 805 1259 838 ad
1283 805 1382 838 Saltii
1408 805 1599 838 lectionem
1621 801 1689 836 Πο-

100 860 247 904 emmae
261 861 488 895 redeundum
505 871 597 896 esse.
628 862 710 896 Non
726 862 810 896 dico
828 863 1125 905 supplementum
1142 864 1283 895 certum
1301 871 1393 904 esse,
1414 870 1540 894 verum
1558 861 1686 894 eodem

97 919 179 952 iure
202 915 427 963 ssed-roomo<
452 919 600 962 (ἰωὴ),
624 917 851 964 Ποσῂόμψκ,
875 920 934 953 vel
958 921 989 953 si
1014 921 1176 962 quinque
1196 920 1327 952 litteris
1350 920 1510 962 spatium
1531 917 1689 951 sufficiat

99 972 333 1019 Ποσίιδάνῴς
357 985 534 1019 reponere
557 977 691 1010 licebit.
738 977 831 1011 Nam
862 978 893 1010 si
924 977 1021 1010 illius
1052 978 1182 1011 aetatis
1211 977 1323 1010 bomo
1349 976 1480 1010 nobilis
1503 976 1689 1009 Romanus

0 1044 13 1073 ε
98 1041 175 1067 uno
197 1034 344 1068 nomine
366 1034 581 1077 appelletur,
606 1035 731 1068 Latina
754 1035 902 1078 Graeca,
926 1035 1072 1077 gentilia
1096 1036 1312 1077 cognomina
1336 1043 1451 1076 aeque
1475 1034 1512 1066 in
1537 1042 1687 1066 censum

0 1091 10 1107 ‘²
100 1091 224 1124 venire
251 1100 324 1125 nou
355 1093 412 1124 est
440 1092 543 1134 quod
573 1092 855 1125 demonstretur.
904 1093 950 1124 At
973 1092 1154 1125 reicienda
1182 1093 1255 1124 iam
1286 1094 1371 1124 sunt
1395 1092 1518 1123 omnia
1542 1091 1688 1132 supple-

0 1180 4 1182 ,
100 1150 234 1191 menta,
269 1157 363 1190 quae
404 1157 490 1181 cum
529 1149 676 1182 illorum
711 1150 866 1182 lectione
908 1151 1081 1191 pugnant,
1125 1150 1236 1181 etlam
1271 1148 1460 1186 wilenci,
1497 1148 1561 1189 qui
1591 1155 1688 1180 unus

0 1194 12 1250 3
102 1205 267 1238 omnium
302 1205 527 1248 praefectum
564 1206 708 1238 aliunde
745 1208 872 1238 notum
914 1206 1089 1248 agnoscit,
1131 1215 1215 1238 cum
1252 1202 1502 1248 Πο[μπηῐαν]ό;
1540 1203 1688 1237 scribat.

0 1258 10 1264 ’
100 1261 243 1295 Etenim
270 1261 456 1295 Valerium
486 1263 746 1304 Pompeianum
787 1264 824 1295 in
856 1263 918 1296 illo
950 1262 1069 1296 officio
1101 1262 1214 1295 ruisse
1238 1271 1270 1295 a.
1288 1263 1394 1304 ςεββ)
1419 1270 1454 1303 p.
1473 1261 1554 1294 Chr.
1573 1270 1619 1303 n.,
1650 1260 1690 1294 id

102 1319 202 1361 quod
237 1322 429 1362 appareret
459 1328 505 1352 ex
535 1320 707 1353 Amherst
741 1321 872 1362 papyri
897 1320 1019 1362 llssrl
1029 1322 1072 1352 68
1097 1329 1131 1352 n.
1148 1319 1350 1361 CHXVII,
1368 1321 1422 1351 25.
1469 1318 1516 1350 At
1546 1319 1691 1360 praeter

101 1375 245 1408 literam
269 1378 300 1411 c
322 1378 433 1410 etiam
457 1377 567 1419 spatii
585 1377 742 1410 rationes
758 1377 973 1418 impediunt,
997 1377 1198 1418 quominus
1222 1376 1292 1408 boc
1316 1384 1448 1408 nomen
1463 1376 1690 1408 restituatur.

103 1432 210 1471 Quod
232 1442 322 1466 vero
346 1433 502 1476 Habafl'y
526 1435 637 1467 etiam
661 1434 917 1476 supplemento
944 1430 1152 1478 Πο[μ.τιήῖ]ος
1182 1434 1343 1476 spatium
1374 1432 1541 1465 sufficere
1571 1434 1688 1474 negat,

102 1491 258 1532 mireris,
292 1491 379 1533 quia
407 1499 543 1524 nomen
573 1490 621 1524 ab
655 1492 737 1533 ipso
772 1491 975 1533 repositum
1000 1487 1175 1527 Ποσείδιος
1212 1499 1285 1523 una
1316 1490 1437 1523 littera
1461 1490 1544 1532 plus
1567 1489 1688 1522 babet.

102 1547 172 1580 Sed
187 1549 341 1590 propter
355 1548 575 1581 elementum
594 1550 624 1581 c
642 1549 829 1580 servatum
847 1548 920 1580 hoc
937 1556 1086 1590 quoque
1102 1548 1325 1580 reiciendum
1350 1549 1418 1589 est,
1441 1555 1560 1588 neque
1575 1546 1690 1579 ullam

101 1605 137 1638 ei
159 1603 261 1638 addit
282 1604 392 1637 fldem
424 1614 557 1638 nomen
591 1605 809 1647 iampridem
834 1605 1023 1646 volgatum
1051 1606 1291 1637 monumenti.
1339 1603 1433 1637 Nam
1464 1605 1691 1646 quicumque

102 1661 140 1695 id
175 1662 337 1704 primum
370 1663 404 1694 ei
439 1663 627 1704 imposuit,
664 1661 855 1695 manifesto
891 1662 936 1694 de
968 1662 1118 1704 Pompei
1141 1663 1258 1704 Magni
1294 1658 1467 1704 sepulcro
1502 1662 1690 1703 cogitavit.

31 1759 33 1761 ι
103 1717 221 1757 Quam
251 1719 467 1752 memoriam
498 1719 604 1761 plane
633 1719 804 1752 ficticiam
836 1727 917 1752 esse
946 1728 1055 1751 nemo
1092 1719 1249 1760 negabit,
1286 1719 1350 1751 sed
1385 1727 1466 1751 eam
1503 1727 1547 1750 ex
1583 1718 1690 1750 titulo

26 1806 30 1810 .
103 1778 223 1808 ortam
245 1783 326 1808 esse
342 1776 540 1814 admodum
565 1775 753 1818 probabile
777 1778 842 1809 est.
891 1775 1016 1817 Neque
1041 1785 1130 1808 vero
1154 1778 1251 1808 recte
1269 1775 1351 1808 inde
1368 1775 1530 1816 colligas,
1554 1783 1690 1807 nomen

26 1854 31 1871 ς
100 1829 287 1877 «Πομπήιος
316 1834 395 1866 tum
420 1842 504 1866 cum
528 1834 619 1866 haec
642 1833 736 1866 fama
762 1835 926 1866 oreretur
955 1834 1066 1865 etiam
1098 1834 1280 1875 integrum
1312 1833 1348 1864 in
1378 1832 1458 1864 basi
1490 1832 1689 1873 exstitisse;

104 1898 188 1923 uam
212 1899 287 1923 non
310 1891 431 1923 minus
447 1890 646 1924 verisimile
669 1892 735 1932 est,
762 1890 820 1923 illa
844 1898 938 1932 quae
954 1899 1051 1922 nunc
1074 1890 1183 1922 etiam
1210 1891 1353 1922 exstant
1379 1890 1447 1922 ΠΟ
1461 1914 1565 1922 .....
1579 1890 1645 1922 00
1669 1897 1691 1921 a

104 1947 227 1980 nesdo
249 1956 323 1989 quo
348 1956 449 1980 mera
472 1948 683 1981 coniectura
706 1949 755 1980 ita
780 1948 949 1989 suppleta
972 1955 1053 1979 esse
1075 1949 1118 1979 ut
1143 1947 1301 1979 hominis
1325 1946 1555 1988 nobilissimi,
1579 1954 1691 1988 quem

104 2012 219 2046 prope
256 2004 510 2037 Alexandriam
550 2006 720 2037 necatum
761 2013 841 2037 esse
881 2006 1078 2044 constaret,
1119 2005 1399 2036 monumentum
1447 2004 1692 2045 recuperaret.

105 2059 247 2099 Quanto
276 2061 373 2094 enim
403 2061 525 2094 studio
558 2062 593 2094 ei
622 2062 686 2103 qui
714 2062 825 2103 primi
857 2061 984 2094 titulos
1016 2061 1175 2094 Graecos
1206 2060 1473 2103 conquirebant
1494 2060 1690 2092 hominum

106 2120 300 2163 clarorum,
322 2130 418 2163 quos
438 2130 484 2154 ex
508 2122 730 2163 scriptorum
755 2121 858 2154 libris
882 2123 1138 2162 cognoverant,
1163 2122 1316 2162 vestigia
1339 2122 1377 2153 in
1400 2120 1584 2163 lapidibus
1609 2129 1691 2162 rep-

106 2177 227 2219 perire
262 2179 382 2210 eonati
418 2179 500 2219 sint,
536 2178 679 2220 Cyl-iaci
708 2179 923 2211 Anconitani
958 2178 1168 2219 exemplum
1204 2178 1323 2210 docet.
1383 2178 1543 2210 Titulum
1580 2178 1691 2209 Pom-

106 2234 190 2276 peio
213 2233 342 2274 unguo
375 2234 459 2275 plus
490 2244 602 2276 quam
626 2235 744 2268 tribus
775 2235 929 2268 saeculis
953 2235 1191 2268 recentiorem
1224 2243 1305 2268 esse
1337 2235 1374 2266 in
1398 2234 1596 2276 propatulo
1622 2236 1688 2275 est,

6 2329 8 2333 v
33 2314 37 2323 χ
108 2289 173 2323 sed
195 2291 320 2322 utrum
352 2291 474 2332 ipsum
499 2294 778 2324 monumentum
814 2291 979 2325 eiusdem
1012 2293 1141 2325 aetatis
1172 2294 1270 2324 esset
1301 2300 1424 2332 necne,
1461 2291 1600 2332 aliquot
1628 2291 1691 2323 ad-

8 2368 11 2370 ·
107 2347 193 2380 binc
216 2347 319 2379 annis
340 2348 415 2379 acri
439 2349 667 2381 contentione
683 2350 891 2391 quaesitum
909 2351 975 2382 est.
1022 2350 1263 2382 Accusativus
1279 2349 1437 2381 nominis
1461 2348 1693 2390 imperatoris

108 2403 255 2444 indicat,
287 2404 384 2436 illius
414 2406 573 2436 statuam
596 2406 782 2446 quondam
813 2407 851 2438 in
877 2407 996 2448 capite
1020 2407 1210 2439 columnae
1234 2406 1453 2438 collocatam
1476 2405 1600 2438 fuisse.
1646 2406 1693 2437 At

50 2459 52 2463 “
108 2461 264 2503 Habafl'y
287 2470 360 2494 non
384 2461 554 2493 effectum
578 2464 658 2493 tum
681 2462 831 2495 demum
854 2465 974 2496 totum
1000 2472 1106 2506 opus,
1143 2464 1207 2496 sed
1231 2472 1276 2495 ex
1300 2463 1504 2505 antiquiore
1530 2462 1690 2494 obelisco

109 2518 147 2550 in
175 2518 385 2551 columnam
416 2518 640 2551 Corinthiam
671 2521 863 2561 mutatum,
902 2522 1060 2552 statuam
1091 2522 1312 2562 impositam,
1343 2520 1610 2552 dedicationem
1638 2520 1693 2550 in-

55 2618 57 2620 *
109 2575 223 2607 cisam
253 2584 344 2608 esse.
398 2575 465 2608 Cui
494 2576 724 2607 coniecturae
759 2584 884 2608 ansam
917 2577 1017 2608 dedit
1051 2577 1154 2610 locus
1187 2577 1291 2609 Plinii
1320 2576 1400 2609 Nat.
1424 2577 1507 2608 hist.
1532 2575 1692 2615 XXXVI,

15 2645 18 2648 ⁴
112 2633 167 2664 ⁸⁷.
183 2634 246 2672 ὅδε
268 2630 513 2666 ΔΙαωηᾱήαε
534 2630 662 2665 statuit
684 2641 802 2665 unum
826 2632 1049 2674 (obeliscum)
1072 2632 1298 2667 Ptolemaeus
1313 2631 1578 2675 Philadelphus
1601 2633 1693 2664 octo·

11 2694 38 2741 jv*
107 2684 647 2730 fflmbitonemaeeciderat
670 2686 956 2722 eumchbebt’s
977 2689 1406 2732 rapmummaiusque
1430 2687 1693 2732 opu-sindew-

0 2731 33 2798 5533
112 2742 481 2781 tandemtandem
516 2746 707 2781 inventum
743 2744 1470 2789 estquamineoeefflendo.aSatyro
1502 2743 1694 2779 architecto

20 2800 41 2842 ἑ,
113 2798 715 2846 aliquidovoeamtradmatrate,
758 2801 1227 2844 callistem-samma,
1258 2801 1358 2844 fossa
1384 2801 1694 2845 perductoueque

114 2855 353 2893 adiaeeouem
373 2859 566 2895 obeliscum
582 2859 680 2905 Nilo,
703 2870 880 2903 navesque
903 2859 996 2893 duas
1019 2869 1063 2892 m
1084 2857 1314 2892 latitudinem
1334 2857 1484 2901 patulas
1501 2857 1693 2902 pedalfbnoe

1 2885 49 2987 ’ἓ
114 2887 711 2960 aoedemlapidaadratobribm
743 2915 928 2961 yemmati
956 2927 1025 2960 per
1059 2915 1239 2960 duplicem
1274 2925 1488 2949 mensuram
1518 2914 1694 2959 ponderis

2 2970 57 3096 ff}

0 3084 77 3126 3221:
