1858 3126
538 116 628 148 vm.
663 116 731 148 Res
755 116 792 148 et
815 115 928 148 verba
953 115 1178 149 notabiliora.

69 252 275 300 οἰκουμένη·
312 257 381 287 τῶν
417 251 485 287 ἀπὸ
521 256 584 299 τῆς
620 250 823 297 οἰκουμένης

117 310 309 356 ίερονεικῶν
332 309 412 352 494,
433 315 486 344 12.
524 310 575 355 τῷ
607 313 736 356 σωτῆρι
765 309 825 343 καὶ

114 365 273 414 εὐεργέτῃ
288 370 352 413 τῆς
368 365 574 412 οἰκουμένης
598 368 676 411 668,
692 375 721 401 5.
756 371 823 401 τῶν

115 423 204 459 θεῶν
231 423 511 470 ταμιευσαμένων
541 424 590 462 εἰς
618 426 738 459 τοῦτον
765 423 824 458 τὸν

115 479 295 527 ἱερώτατον
318 481 435 529 καιρὸν
458 480 521 526 τὴν
541 485 603 526 τῆς
620 479 825 526 οἰκουμένης

114 537 301 583 ἀσφάλειαν
319 539 398 581 669,
418 546 470 574 10.
510 537 528 573 ὁ
546 536 673 584 ἀγαθὸς
694 537 824 583 δαίμων

112 598 176 641 τῆς
217 594 422 641 οἰκουμένης
466 592 598 640 (Νέρων
644 593 823 640 Σεβαστός)

115 652 194 695 666,
213 658 231 686 ³

70 707 202 755 οἰνηγοί
225 709 304 752 521,
323 715 364 744 22

68 764 196 804 olma<
217 763 325 812 γόμος
349 765 427 810 629,
446 772 487 801 80

69 821 162 861 οἶνος
208 822 242 865 4,
272 830 325 857 58.
356 829 408 857 ⁵⁹.
468 822 546 866 200,
580 830 631 857 17.
685 822 763 865 266,
794 829 825 857 3.

23 876 26 877 ’
115 879 193 923 521,
211 884 253 913 22

12 963 13 966 η
70 933 211 983 οἰνοχόα
234 936 313 979 214,
330 943 373 970 45

12 1033 14 1035 .
69 990 136 1031 οἷς·
161 991 238 1027 ποτὶ
259 992 320 1031 τὰς
343 991 412 1030 ὅεις
435 992 495 1031 τὰς
521 992 612 1038 ἱεράς
636 993 714 1036 345,
736 1001 774 1027 15

70 1048 264 1097 ὀκταπάχεϊ
287 1048 394 1084 εἰκόνι
417 1049 495 1092 234,
515 1055 556 1083 26

69 1104 253 1154 ὀλιγαρχία
275 1106 354 1150 218,
374 1111 415 1141 20
433 1115 512 1149 sqq.

70 1162 206 1201 ὁλικός·
232 1162 326 1209 μόνῳ
351 1162 527 1208 δυναμένῳ
544 1162 587 1197 τὰ
602 1165 741 1197 τοιαῦτα
759 1162 827 1197 ὁλι-

12 1250 13 1253 ,
114 1224 188 1258 κῶς
211 1218 387 1254 ἐκκόπτειν
412 1220 489 1261 669,
509 1227 548 1254 64

71 1275 160 1322 ὁλκή
183 1276 262 1321 214,
281 1283 321 1312 31
340 1286 419 1320 sqq.

70 1331 278 1380 ὁλόκληρος’
303 1333 430 1381 χωρίον
455 1332 618 1379 ὑμέτερόν
644 1332 746 1379 ἐσμεν
770 1334 829 1368 καὶ

117 1390 263 1436 ὡσπερεὶ
286 1389 398 1437 δῆμος
422 1390 614 1437 ὁλόκληρος
643 1391 720 1435 519,
741 1398 780 1426 14

70 1445 320 1493 ὀλυμπιονίκης
345 1449 423 1492 501,
443 1455 482 1482 14

71 1502 275 1551 ὀλυροκόποι
298 1505 376 1547 729,
396 1512 414 1539 4

8 1593 9 1597 ,
72 1559 219 1606 ὁμαλός·
249 1561 303 1595 διὰ
332 1561 447 1596 τόπων
472 1560 637 1607 ἀσφαλῶν
661 1562 719 1596 καὶ
745 1561 829 1608 ὁμα-
862 1541 865 1547 ⁵

117 1615 189 1651 λῶν
214 1618 293 1662 701,
313 1625 352 1652 10

6 1665 10 1667 λ
71 1672 222 1720 ὅμηρος·
251 1673 406 1709 ἀπέλυσα
436 1674 474 1709 δὲ
502 1675 561 1709 καὶ
591 1674 705 1721 ὅμηρα
734 1674 830 1720 ὑμῶν

120 1732 199 1775 751,
221 1738 272 1765 15.
311 1730 428 1778 ὅμηρά
447 1743 484 1765 τε
501 1730 596 1776 ὑμῶν
614 1730 832 1777 ἀπολυθῆναι

121 1788 202 1831 751,
221 1795 239 1822 ⁵

6 1831 7 1834 ’
72 1842 220 1889 amum·
244 1844 381 1890 παιδείᾳ
394 1844 578 1890 reama„
596 1846 718 1888 505,7.
756 1843 832 1889 ὁμι-

9 1918 14 1947 }
118 1899 244 1936 λοῦντα
267 1900 312 1946 ἐμ
333 1899 489 1940 Μούσαις
514 1901 630 1940 δεινῶς
654 1902 732 1945 282,
753 1909 791 1935 16

73 1955 220 2004 ὄμνυμι·
250 1957 365 2004 ὀμνύω
398 1959 477 2002 229,
508 1966 561 1994 oo.
589 1959 753 2002 το.,266,
777 1965 831 1993 23.

12 2015 15 2017 ’
121 2014 201 2058 532,
237 2022 267 2050 8.
329 2013 434 2061 ὄμνυν
483 2015 521 2050 δὲ
563 2014 635 2054 τοὶς
678 2014 832 2053 πολίταις

119 2070 192 2109 τοὶς
222 2070 418 2111 δικάζοντας
443 2073 474 2116 8,
497 2079 642 2108 83—85.
691 2071 833 2117 ὀμνύναι

119 2129 200 2172 484,
227 2136 279 2163 37.
298 2135 352 2163 38.
399 2129 524 2174 ὀμόσαι
554 2128 633 2167 τοὺς
658 2123 833 2173 Ἕλληνας

121 2184 249 2222 πάντας
280 2186 313 2228 5,
344 2192 397 2220 54.
443 2185 558 2224 καλῶς
582 2185 624 2231 δή
651 2195 710 2231 μοι
738 2185 834 2220 δοκεῖ

123 2240 215 2288 ἔχειν
256 2240 376 2286 ὀμόσαι
419 2240 508 2287 ὑμᾶς
547 2243 604 2276 τὸν
654 2241 754 2287 ὅρκον
795 2242 831 2276 ὃν

122 2296 381 2344 ἀφεστάλκαμεν
430 2300 468 2341 5,
504 2306 557 2332 65.
592 2305 644 2332 66.
709 2298 834 2344 ὀμόσαι

123 2354 163 2389 δὲ
200 2354 280 2392 τοὺς
311 2353 450 2392 πολίτας
483 2353 610 2392 πάντας
641 2355 698 2389 τὸν
731 2355 832 2401 ὅρκον

121 2411 180 2445 τὸν
209 2409 475 2457 ἀφεσταλμένον,
503 2409 660 2456 καθάπερ
692 2409 833 2459 Ἀντίγο-

120 2480 179 2506 νος
214 2466 404 2514 ἐφέστειλεν
441 2468 472 2510 6,
500 2474 542 2502 43
569 2477 647 2510 sqq.
700 2469 832 2513 ὤμοσεν

124 2525 202 2568 266,
228 2531 281 2560 19.
332 2524 470 2569 ὤμοσαν
505 2524 584 2567 201,
608 2531 638 2558 8.
676 2525 753 2568 532,
780 2532 834 2560 36.

124 2581 289 2626 ὀμοῦνται
306 2581 383 2624 229,
402 2588 455 2614 4ο.
490 2579 614 2625 ὀμόσαι
630 2581 833 2624 229,59.60.

124 2636 307 2682 ὀμόσαντες
314 2637 392 2680 335,
405 2645 419 2671 1
428 2643 480 2671 22.
505 2634 834 2681 ὀμόσσαντεςἈπόλ-

124 2693 219 2728 λωνα
244 2692 387 2729 Λύκειον
412 2693 445 2737 8,
465 2701 517 2728 71.
538 2699 590 2727 72.
636 2693 834 2738 ὀμοσάντων

124 2750 184 2784 καὶ
218 2749 475 2786 ἐπανελθόντων
512 2755 580 2784 τῶν
619 2749 835 2795 πρεσβευτῶν

126 2807 206 2850 229,
230 2813 285 2841 28.
330 2807 409 2845 τοὺς
446 2803 523 2852 μεθ’
561 2805 664 2841 αὑτοῦ
697 2806 836 2853 ὀμωμο-

127 2863 231 2903 κότας
254 2864 332 2907 266,
351 2871 390 2898 47

1566 118 1648 159 687

893 250 1077 298 ὁμογενής·
1125 258 1192 286 τῶν
1233 252 1323 287 θεῶν
1370 257 1437 287 τῶν
1478 253 1650 299 ὁμογενῶν

940 308 1036 354 ὑμῶν
1062 310 1140 352 569,
1160 315 1212 344 12.
1259 315 1327 344 τῶν
1357 309 1529 357 ὁμογενῶν
1554 309 1650 355 ὑμῶν

940 364 1031 401 θεῶν
1057 366 1134 410 569,
1154 373 1193 400 23

895 421 1069 468 ὁμοίωμα·
1106 423 1213 469 μηδὲν
1249 422 1285 462 ἐξ
1321 423 1541 469 ὁμοιώματος
1581 422 1653 457 ἑπι-

940 479 1079 526 γροίφειν
1105 479 1240 528 ἀλλαχῇ
1266 480 1351 515 ἄλλο
1377 481 1456 525 669,
1475 488 1515 515 52

895 535 1088 583 ὁμολογέω·
1130 537 1218 582 μήτε
1257 537 1380 584 ἐγγύην
1423 539 1472 576 εἰς
1512 533 1651 583 Ῥώμην

939 594 1028 628 κατὰ
1052 593 1163 640 δόγμα
1190 606 1224 628 τι
1251 595 1311 629 καὶ
1339 594 1493 629 κέλευσιν
1527 594 1653 639 ὁμολο-

939 654 1010 697 γεῖν
1034 652 1114 695 455,
1134 659 1163 686 3.
1203 653 1264 686 τοῦ
1288 650 1436 698 ὀψωνίου
1461 650 1500 686 οὗ
1519 650 1653 696 ὡμολό-

940 719 1043 754 γησεν
1073 712 1135 752 τῆς
1163 708 1376 754 τετραμήνου
1407 709 1486 751 266,
1514 714 1564 742 12.
1611 707 1654 742 τὰ

942 764 1188 811 ὁμολογήμενα
1223 765 1307 812 πρὸς
1341 763 1504 803 ἀλλάλοις
1537 766 1568 808 2,
1599 772 1652 799 35.

940 823 1118 860 ποιοῦντος
1165 819 1269 856 αὐτοῦ
1315 821 1358 856 τὰ
1402 821 1653 869 ὡμολογημένα

942 878 1021 921 266,
1045 885 1098 912 4ο.
1146 877 1431 914 συντελεσθέντων
1459 883 1527 912 τῶν
1561 879 1653 923 ὡμο-

941 934 1144 981 λογημένων
1169 936 1247 979 266,
1263 943 1316 970 48.
1363 935 1394 969 εἰ
1417 954 1464 961 -
1486 935 1653 981 παραβαί-

941 992 1035 1036 νοιμί
1059 1005 1090 1026 τι
1113 998 1181 1027 τῶν
1199 992 1477 1039 ὡμολογημένων
1502 994 1580 1035 266,
1602 1001 1652 1027 5ο.

942 1049 1031 1083 κατὰ
1041 1049 1084 1084 τὰ
1092 1048 1345 1096 ὡμολογημένα
1355 1049 1517 1094 πρότερον
1530 1050 1607 1092 771,
1614 1057 1627 1083 1
1635 1057 1652 1083 0

897 1104 1063 1151 ὁμολογία
1087 1107 1164 1149 229,
1180 1112 1220 1140 22
1235 1116 1313 1150 sqq.
1340 1106 1418 1149 266,
1437 1112 1487 1140 16.
1527 1106 1575 1144 εἰς
1591 1107 1654 1151 τὴν

943 1162 1048 1207 αὐτὴν
1066 1161 1250 1209 ὁμολογίαν
1267 1166 1439 1209 γραφῆναι
1461 1164 1556 1205 5,31.
1595 1163 1656 1200 τὰς

944 1218 1126 1266 ὁμολογίας
1149 1219 1210 1257 τὰς
1243 1219 1327 1264 πρὸς
1353 1216 1572 1265 Κάσσανδρον
1597 1220 1655 1253 καὶ

942 1274 1161 1321 Πτολεμαῖον
1186 1275 1244 1310 καὶ
1260 1275 1459 1323 Λυσίμαχον
1476 1274 1584 1310 αὖτῶι
1599 1287 1655 1322 γε-

943 1333 1134 1380 γενημένας
1167 1334 1198 1376 6,
1225 1341 1335 1376 5sqq.
1380 1333 1440 1371 τὰς
1471 1331 1655 1379 ὁμολογίας

943 1389 1017 1423 κτλ.
1042 1388 1235 1436 ἀναγράψαι
1259 1388 1307 1427 εἰς
1332 1388 1461 1435 στήλην
1486 1390 1518 1432 6,
1538 1397 1576 1424 37

898 1445 1068 1493 ὁμόλογον
1092 1447 1171 1490 266,
1191 1453 1244 1481 13.
1284 1445 1465 1492 σύμφωνον
1489 1446 1548 1480 καὶ
1572 1445 1656 1490 ὁμό-

943 1504 1045 1550 λογον
1069 1507 1144 1542 ταῖς
1169 1502 1307 1538 πόλεσιν
1340 1502 1425 1549 ὑπὲρ
1454 1507 1517 1549 τῆς
1546 1514 1655 1547 πανη-

944 1560 1073 1607 γύρεως
1090 1562 1170 1603 444,
1182 1568 1210 1595 1.
1247 1560 1449 1606 ἐποίησαντο
1468 1560 1502 1593 ἐν
1521 1559 1656 1597 ἑαυτοῖς

946 1616 1098 1663 ὁμόλογα
1120 1617 1178 1651 καὶ
1201 1615 1368 1663 σύμφωνα
1391 1618 1470 1660 444,
1490 1625 1508 1651 4

901 1673 1097 1721 ὁμομητρία
1121 1673 1287 1719 βασιλέως
1310 1673 1442 1719 ἀδελφή
1468 1673 1546 1716 403,
1567 1681 1583 1707 9

900 1730 1054 1776 ὁμονοέω
1063 1740 1070 1748 ·
1089 1730 1287 1775 ὀμονόεντες
1300 1730 1384 1776 πρὸς
1397 1728 1558 1767 ἀλλάλοις
1571 1730 1603 1772 2,
1614 1737 1653 1764 30

900 1787 1043 1833 ὁμόνοια
1068 1788 1146 1830 308,
1166 1795 1195 1821 8.
1217 1794 1268 1820 17.
1294 1787 1372 1829 418,
1389 1794 1419 1821 4.
1460 1785 1657 1820 πολιτεύσο-

948 1856 1008 1889 μαι
1025 1839 1102 1889 μεθ’
1114 1843 1274 1888 ὁμονοίας
1291 1843 1370 1886 229,
1390 1850 1442 1877 64.
1484 1839 1556 1888 μεθ’
1573 1842 1656 1888 ὁμο-

945 1900 1039 1939 νοίας
1085 1898 1323 1935 πολιτεύεσθαι
1370 1898 1655 1944 (πολιτευόμενος)

947 1957 1026 2000 237,
1045 1964 1075 1991 7.
1096 1965 1125 1992 8.
1173 1955 1256 2002 ὑπὲρ
1286 1975 1332 1982 ——
1360 1959 1422 2001 τῆς
1451 1959 1512 1990 τοῦ
1543 1955 1656 2002 δήμου

948 2013 1108 2059 ὁμονοίας
1121 2013 1200 2057 622,
1211 2021 1241 2048 4.
1276 2011 1359 2058 ὑπὲρ
1372 2011 1527 2058 Τιβερίου
1541 2010 1657 2059 Κλαυ-

948 2070 1019 2106 δίου
1049 2067 1224 2115 Καίσαρος
1247 2089 1294 2095 -
1317 2069 1454 2117 εἰρήνης
1485 2070 1544 2104 καὶ
1575 2070 1658 2115 ὁμο-

947 2127 1040 2166 νοίας
1064 2128 1143 2171 663,
1158 2134 1176 2161 2

902 2184 1054 2232 ὁμορέω·
1091 2183 1179 2229 ἔθνη
1212 2184 1402 2231 ὁμοροῦντα
1436 2184 1481 2231 τῇ
1512 2182 1578 2231 ἐμῇ
1612 2183 1658 2229 γῇ

950 2242 1026 2284 199,
1046 2247 1098 2275 32.
1143 2244 1205 2286 τῆς
1236 2239 1428 2286 ὁμορούσης
1461 2241 1544 2286 (γῆς)
1579 2240 1656 2282 221,

950 2305 1003 2333 22.
1025 2305 1078 2332 31.
1096 2305 1135 2332 41

903 2353 1131 2401 ὁμόσπονδος·
1178 2351 1313 2398 Ἀμισοῦ
1358 2372 1406 2377 -
1444 2351 1656 2398 ὁμοσπόνδου

950 2407 1137 2456 Ῥωμαίοις
1162 2411 1238 2454 530,
1259 2418 1276 2444 3

904 2468 1087 2512 ὁμότιμος·
1122 2472 1190 2502 τῶν
1227 2466 1401 2512 ὁμοτίμων
1437 2469 1510 2504 τοῖς
1543 2477 1658 2513 συγγε-

948 2525 1020 2559 νέσι
1046 2525 1121 2567 177,
1142 2531 1159 2558 6

904 2581 1084 2627 ὁμόφρων·
1131 2582 1248 2626 κοινὴν
1298 2579 1474 2625 ὁμόφρονα
1519 2580 1658 2625 γνώμην

952 2638 1029 2680 515,
1049 2646 1066 2672 ⁵

904 2694 1017 2731 ὀνικὸς
1040 2693 1147 2739 γόμος
1172 2693 1250 2734 629,
1270 2699 1322 2727 30.
1343 2699 1383 2725 45

905 2749 1013 2795 ὄνομα
1032 2748 1189 2794 passim.
1230 2747 1384 2793 Τιβέριον
1399 2744 1568 2782 Κλαύδιον
1582 2746 1659 2783 Πεί-

951 2818 1043 2841 σωνα
1065 2824 1112 2831 -
1134 2806 1172 2839 τὸ
1200 2804 1287 2852 μέγα
1316 2804 1425 2850 ὄνομα
1456 2807 1517 2839 τοῦ
1540 2805 1658 2851 γένους

952 2863 1030 2906 528,
1051 2870 1089 2898 18
