1858 3126
206 145 289 188 ‘106
433 182 440 192 ,
922 141 1086 198 Indices3
1117 196 1127 198 -

205 282 334 325 στόμα·
365 280 432 314 ἀπὸ
465 282 526 313 τοῦ
557 277 726 324 στόματος
758 282 821 324 τῆς
845 277 968 325 λίμνης

254 339 404 383 572,16.
449 336 492 371 τὰ
521 335 672 380 στόματα
702 340 769 370 τῶν
802 341 966 380 ποταμῶν

256 397 311 439 90,
331 402 372 429 25
902 388 904 390 ’

209 452 424 499 στρατάρχης
449 452 527 495 519,
548 458 587 485 16

208 508 362 558 στρατεία
392 510 470 553 553,
492 516 521 543 5.
563 506 720 555 στρατεία
750 506 798 546 εἰς
828 504 969 552 Κύπρον

255 570 288 611 4,
309 575 361 602 15.
403 565 468 601 ὑπό
492 577 530 600 τε
552 569 615 611 τῆς
633 564 806 613 στρατείας
829 563 888 599 ’καὶ
902 569 969 599 τῶν

257 623 512 671 δαπανημάτων
539 625 571 667 5,
590 630 644 657 44.
663 630 704 657 45

211 681 403 727 στράτευμα
419 681 498 724 453,
518 688 570 715 10.
608 680 800 727 στράτευμα
814 678 972 713 ναυτικὸν

255 738 314 773 ’καὶ
348 738 488 778 πεζικόν
525 736 604 780 199,
635 743 688 771 26.
741 735 974 781 στρατεύματα

261 797 336 840 199,
358 803 410 830 37.
438 796 515 838 544,
537 803 576 830 50

213 851 403 900 στρατεύω·
429 851 585 898 βασιλεὺς
607 849 767 889 Ἄτταλος
793 869 834 876 -
859 850 918 884 καὶ
943 850 974 884 οἱ

260 906 335 956 μετ’
365 909 468 944 αὐτοῦ
494 908 753 954 στρατεύσαντες
783 906 839 941 ἐπὶ
863 905 975 953 Πρου-

262 967 334 1002 σίαν
359 967 438 1010 327,
457 973 488 1000 2.
529 965 562 1000 οἱ
586 964 868 1010 στρατευσάμενοι
887 964 975 999 κατὰ

259 1024 408 1069 πόλεμον
435 1024 559 1067 554,1.
601 1021 724 1068 μηθεὶς
742 1020 976 1067 στρατευέσθω

260 1080 349 1116 κατὰ
389 1078 586 1127 Σαρδιανῶν
626 1079 705 1122 437,
742 1086 794 1113 66.
853 1077 977 1124 μηθεὶς

262 1136 496 1184 ’στρατευέσθω
525 1136 613 1171 κατὰ
638 1133 805 1181 Ἐφεσίων
835 1137 914 1180 437,
935 1143 975 1171 70

218 1194 431 1242 στρατηγὲω·
465 1194 697 1242 στρατηγήσας
721 1195 800 1237 425,
820 1200 851 1227 2.
898 1193 978 1231 τοὺς

265 1251 558 1298 ἐστρατηγηκότας
583 1251 663 1295 484,
680 1259 733 1285 55.
769 1251 829 1289 τὰς
852 1249 979 1296 κρίσεις

264 1308 436 1356 γείνεσθαι
467 1328 515 1334 —
544 1308 600 1343 ἐπὶ
627 1313 696 1342 τῶν
730 1307 979 1354 ἐστρατηγηκό-

264 1379 332 1401 των
350 1367 430 1410 484,
443 1374 496 1402 53.
538 1366 812 1413 στρατηγήσαντα
828 1363 979 1410 Ἀουιδη-

265 1429 333 1457 νῶν
359 1425 436 1467 617,
457 1429 474 1456 2

221 1480 418 1527 στρατηγία·
443 1484 516 1518 τοῖς
540 1479 684 1527 ἡγεμόσι
699 1480 759 1515 καὶ
774 1483 846 1518 τοῖς
863 1478 980 1517 ἅλλοις

265 1541 338 1576 τοῖς
364 1534 542 1582 ἐμμίσθοις
565 1540 638 1575 τοῖς
668 1538 703 1571 ἐν
733 1538 776 1583 τῇ
798 1535 982 1583 στρατηγίᾳ

267 1596 311 1641 τῇ
331 1593 377 1640 ἐμ
401 1592 618 1641 Φιλεταιρείᾳ
642 1594 720 1638 266,
741 1602 793 1628 54.
839 1605 981 1640 στρατη-

268 1651 336 1699 γίαι
369 1653 450 1695 477,
479 1659 508 1685 5.
560 1651 621 1690 τὰς
657 1650 858 1698 στρατηγίας
896 1650 982 1695 μετὰ

269 1708 488 1755 διαλογισμὸν
514 1709 599 1754 πρὸς
621 1707 765 1756 τριετίαν
789 1707 982 1755 ἐνχειρίζειν

269 1769 341 1805 τοῖς
364 1765 724 1811 ’κατασταθησομένοις
749 1766 828 1809 669,
848 1773 888 1799 35

167 1830 169 1832 ’
224 1823 408 1870 στρατηγός
435 1823 512 1866 111,
532 1829 562 1857 9.
590 1823 666 1866 130,
684 1830 715 1856 4.
752 1823 827 1866 137,
849 1830 877 1856 9.
905 1823 982 1865 168,

272 1887 391 1914 34.49.
420 1881 534 1923 190,6.
553 1880 674 1924 220,6.
700 1881 820 1923 254,3.
839 1880 982 1923 665,4s.

271 1937 452 1984 στρατηγοί
494 1937 571 1980 139,
600 1945 629 1971 5.
670 1938 747 1980 217,
777 1944 805 1970 1.
847 1937 925 1979 319,
955 1945 982 1971 1.

272 1995 350 2037 665,
375 2001 428 2027 54.
460 1995 538 2037 669,
559 2000 611 2027 21.
639 2001 692 2027 53.
725 2013 772 2019 —
805 1995 836 2028 1.
866 1992 984 2038 maqi-

257 2053 405 2085 ¹stratus
425 2049 584 2085 civitatis
606 2049 779 2085 Graecae:
806 2050 985 2095 στρατηγοὶ

272 2105 457 2152 Ἀθηναίων
479 2108 557 2150 248,
577 2114 629 2141 59.
655 2108 733 2150 771,
755 2115 807 2142 38.
846 2105 984 2154 Αἰγινη-

271 2170 339 2199 τῶν
373 2163 451 2207 329,
471 2169 526 2198 42.
544 2171 598 2197 48.
618 2170 671 2198 52.
708 2160 878 2198 Ἐλαϊτῶν
905 2163 984 2206 332,

274 2229 327 2256 34.
347 2228 400 2255 61.
452 2221 639 2267 στρατηγὸς
678 2224 741 2266 τῆς
776 2220 910 2258 πόλεως
950 2220 984 2254 ἐν

272 2275 501 2324 Ἀλεξανδρείᾳ
514 2278 590 2322 743,
602 2284 632 2312 2.
661 2276 824 2324 Ἐφεσίων
842 2278 984 2321 493,14.

271 2332 528 2379 Ἱεραπολιτῶν·
598 2335 718 2381 γνώμη
790 2339 984 2382 στρατηγῶν

274 2393 409 2436 308,1.
463 2391 647 2437 στρατηγὸς
683 2395 746 2437 τῆς
781 2390 914 2428 πόλεως
950 2390 984 2424 ἐν

268 2446 455 2493 Ἵεροπόλει
487 2452 550 2494 τῆς
575 2445 833 2493 Κασταβαλίὸος
857 2447 935 2490 754,
955 2455 985 2480 4.

270 2502 391 2550 Ἰητῶν
429 2504 608 2551 στρατηγοί
644 2505 720 2547 773,
750 2512 802 2538 10.
858 2500 985 2538 Ἰλιέων

273 2563 352 2606 219,
383 2569 436 2597 30.
468 2568 521 2595 39.
577 2558 772 2607 Μαγνήτων
812 2565 879 2595 τῶν
920 2560 986 2595 ἀπὸ

273 2617 489 2664 Μαιάνδρου·
530 2618 808 2664 στρατηγήσαντα
845 2618 925 2661 485,
957 2626 986 2652 7.

217 2700 223 2703 »
274 2674 515 2722 Μυτιληναίων
552 2676 584 2718 2,
603 2682 633 2709 7.
661 2682 713 2709 13.
751 2675 828 2718 335,
852 2683 904 2709 84.
933 2683 985 2710 88.

274 2734 352 2776 456,
374 2739 428 2769 23.
475 2732 660 2779 στρατηγὸς
689 2735 750 2778 τῆς
781 2731 916 2771 πόλεως
951 2731 985 2766 ἐν

274 2788 470 2835 Νακράσοις
508 2790 586 2834 268,
624 2796 675 2824 10.
730 2787 985 2835 Παλμυρηνῶν·

275 2847 554 2894 στρατηγήσαντα
571 2845 606 2880 ἐν
623 2845 789 2892 ἐπιδημίᾳ
805 2845 886 2881 θεοῦ
897 2843 986 2881 Ἀλε-

275 2905 417 2950 ξάνδρου
444 2905 522 2948 640,
537 2910 566 2938 2.
607 2903 773 2950 λαμπρῶς
798 2903 988 2950 στρατηγή-

1038 921 1045 924 <
1092 908 1172 950 702,
1192 914 1222 942 6.
1248 908 1395 951 708,17.
1435 908 1485 955 τῷ
1499 911 1560 943 τοῦ
1575 912 1684 954 νομοῦ
1705 921 1805 955 στρα·

1038 978 1040 981 ¹
1092 965 1185 1010 τηγῷ
1207 964 1352 1007 736,16.
1391 968 1464 1004 τοῖς
1479 965 1569 1000 κατὰ
1582 966 1689 1011 νομὸν
1706 977 1805 1011 στρα-
1839 986 1846 1009 ;

1042 1272 1045 1275 -
1097 1250 1284 1295 στρατηγὸς
1308 1244 1424 1284 Φιλῶν
1456 1251 1536 1293 695,
1557 1258 1587 1285 1
1610 1270 1657 1276 -
1681 1252 1712 1285 3.
1737 1249 1835 1292 ‘uhi‘

1044 2071 1046 2074 ψ
1102 2046 1242 2095 Κύπρον
1281 2049 1357 2091 140,
1377 2055 1406 2082 5.
1447 2048 1525 2092 156,
1543 2055 1574 2083 2.
1619 2045 1840 2096 -στρατηγὸςζ

1086 290 1189 313 σαντα
1223 280 1301 323 646,
1320 287 1350 314 9.
1382 277 1634 327 -Περγαμηνῶν
1665 281 1745 325 267,
1766 289 1796 315 3.

1090 342 1141 371 13.
1172 342 1226 371 22.
1273 336 1353 380 483,
1379 345 1409 371 5.
1440 343 1494 372 1⁷.
1525 344 1579 374 56.
1611 345 1686 373 165.
1722 345 1798 372 193.

1085 394 1205 440 γνώμη
1248 399 1444 440 στρατηγῶν
1484 395 1620 438 265,“1.
1662 396 1739 439 299,
1768 403 1798 430 5.

1087 450 1165 494 323,
1186 458 1215 485 1.
1241 450 1318 494 338,
1333 459 1361 487 3.
1377 458 1431 486 31.
1470 450 1662 487 Πιταναίων
1678 453 1757 497 335,
1769 459 1798 488 2.

1087 505 1266 553 Πριηνέων
1284 507 1364 551 215,
1379 514 1431 543 12.
1446 514 1449 520 ²
1463 510 1586 555 γνώμη
1603 514 1799 557 στρατηγῶν

1089 565 1167 608 215,
1200 571 1253 599 20.
1310 562 1508 610 Σαρδιανῶν
1547 563 1627 611 437,
1655 573 1711 601 22.
1747 575 1800 602 50.

1092 619 1294 667 Σμυρναίων
1314 623 1528 667 2231319.
1545 630 1668 658 58.88.
1704 633 1802 670 στρα-
1846 663 1851 669 ν

1089 683 1202 724 τηγῶν
1215 680 1336 725 γνώμη
1346 680 1459 724 229,1.
1484 678 1602 727 Τηῖων
1612 681 1803 724 309,12.-·
1842 674 1848 686 ”

1092 737 1124 770 2.
1143 735 1350 780 praefectus
1365 737 1472 772 nomi
1484 737 1530 772 in
1543 748 1653 783 rayno
1664 738 1802 784 Aegyp·
1841 754 1843 759 ¹

1091 792 1156 827 tio:
1198 793 1322 836 179,4.
1357 795 1434 838 184,
1455 802 1484 829 3.
1515 795 1594 839 202,
1615 801 1645 830 2.
1674 796 1752 840 210,
1771 802 1801 830 2.
1839 784 1847 806 ³¹

1091 850 1215 894 659,2.
1243 851 1363 893 661‚2.
1389 852 1510 895 663,5.
1536 853 1656 895 665,1.
1682 853 1802 896 675,2.
1836 862 1843 867 ¹-

1845 599 1846 602 ⁴
1843 218 1858 574 .ffl.-z¹uuhfi-=L-..mkk.ss.u..m.
1852 183 1858 201 a,
1855 159 1858 164 .
1854 98 1858 145 ,,..,..,
1838 2 1858 83 ..ΔΝ-ἱ

1092 1024 1211 1067 τηγοῖς
1243 1022 1322 1065 669,
1346 1028 1400 1056 49.
1446 1023 1631 1070 στρατηγὸς
1662 1019 1806 1068 Ἀρσινο-
1844 1041 1846 1054 ;

1094 1077 1182 1111 είτου
1216 1078 1294 1122 664,
1316 1086 1344 1112 1.
1391 1079 1576 1126 στρατηγὸς
1597 1075 1807 1126 Ἑρμωνθεί-
1831 1104 1836 1128 ‘.

1093 1147 1154 1169 του
1173 1133 1429 1170 Λατοπολείτου
1454 1136 1532 1181 680,
1551 1142 1582 1171 2.
1621 1138 1807 1184 στρατηγὸς
1826 1150 1843 1166 ’ῖ

1091 1187 1244 1230 Ὀάσεως
1277 1191 1451 1238 Θηβαΐδος
1495 1194 1574 1238 665,
1602 1201 1632 1228 8.
1672 1195 1750 1238 669,·
1777 1201 1806 1238 1.

1091 1305 1272 1350 praefecti
1307 1305 1489 1342 militares
1535 1310 1568 1343 et
1603 1307 1727 1344 oim'lee
1764 1307 1808 1344 in
1826 1330 1841 1357 3

1095 1373 1205 1408 reqno
1235 1362 1480 1409 Layidarmn:
1523 1365 1707 1412 στρατηγὸς
1744 1367 1826 1412 τῆς
1827 1370 1839 1401 .’

1098 1418 1268 1467 Θηβαΐδος
1294 1422 1370 1466 132,
1384 1428 1414 1456 7.
1441 1421 1582 1466 139,15.
1622 1423 1808 1469 στρατηγὸς
1823 1421 1838 1457 ’

1098 1477 1319 1523 αὐτοκράτωρ
1355 1482 1420 1524 τῆς
1460 1477 1633 1526 Θηβαΐδος
1674 1479 1752 1524 147,
1777 1474 1837 1528 3.]

1099 1535 1284 1604 στρατηγὸς
1314 1533 1371 1570 ἐπὶ
1400 1535 1464 1581 τὴν
1493 1534 1607 1583 θήραν
1635 1540 1704 1570 τῶν
1737 1536 1810 1571 ἐλε-
1828 1552 1835 1562 ·-

1099 1591 1234 1638 φάντων
1259 1592 1314 1636 82,
1335 1600 1365 1626 5.
1389 1593 1446 1636 86,
1466 1599 1495 1627 8.
1537 1593 1724 1640 στρατηγὸς
1746 1597 1829 1640 τῆς

1094 1645 1244 1694 Ινδικῆς
1256 1648 1314 1683 ’καὶ
1323 1645 1493 1696 Ἐρυθρᾶς
1503 1648 1678 1698 θαλάσσης
1692 1651 1769 1695 186,
1779 1659 1826 1686 3.
1827 1658 1850 1675 '⁶⁵

1100 1706 1285 1754 στρατηγὸς
1304 1705 1359 1741 ἐπὶ
1374 1703 1518 1752 Κύπρου
1545 1707 1622 1751 117,
1643 1715 1672 1742 4.
1714 1719 1810 1755 στρα-
1824 1697 1851 1752 2}

1099 1763 1204 1810 τηγὸς
1241 1767 1304 1808 τῆς
1340 1763 1446 1809 νήσου
1487 1760 1653 1810 (Κύπρου)
1693 1766 1749 1809 84,
1779 1771 1811 1800 2.
1831 1756 1849 1813 ξ’

1101 1821 1285 1866 στρατηγὸς
1316 1820 1376 1855 καὶ
1407 1820 1584 1869 ἀρχιερεύς
1613 1825 1677 1867 τῆς
1705 1815 1847 1869 νήσου-ἦ

1102 1880 1180 1922 (τῶν
1203 1877 1292 1912 κατὰ
1315 1878 1378 1923 τὴν
1402 1879 1516 1924 νῆσον)
1550 1879 1606 1923 93,
1620 1886 1653 1913 4.
1685 1879 1762 1924 105,
1780 1887 1822 1926 5.,
1843 1897 1844 1900 ¹

1104 1936 1180 1979 148,
1202 1942 1232 1970 3.
1273 1936 1459 1981 στρατηγὸν
1484 1934 1719 1983 αὐτοκράτορα
1743 1935 1843 1979 (καὶ

1102 1991 1298 2039 ὑπέρτατον)
1334 1991 1393 2025 καὶ
1427 1990 1589 2038 ἀρχιερέα
1620 1996 1702 2026 τῶν*
1725 1993 1828 2028 ’κατὰ

1100 2105 1159 2139 ’καὶ
1175 2105 1345 2152 ναύαρχος
1364 2105 1422 2139 καὶ
1438 2103 1614 2152 ἀρχιερεὺς
1630 2108 1710 2150 (τῶν
1724 2119 1771 2141 πα
1794 2126 1801 2134 .
1820 2110 1827 2134 ῖ
1835 2103 1837 2106 ’

1104 2160 1255 2207 Κύπρον,
1273 2167 1342 2196 τῶν
1358 2161 1447 2196 κατὰ
1460 2162 1524 2208 τὴν
1548 2164 1662 2209 νῆσον)
1689 2164 1766 2208 143,
1780 2152 1822 2199 2.
1836 2162 1847 2212 ’ᾗ

1104 2220 1222 2262 145,1.
1249 2220 1371 2262 151‚2.
1400 2220 1476 2262 152,
1492 2226 1521 2254 2.
1549 2221 1668 2264 153,1.
1695 2213 1847 2264 155,5.

1106 2277 1180 2315 157
1193 2283 1222 2310 2.
1250 2277 1327 2319 158,
1339 2283 1368 2310 2.
1397 2277 1473 2321 159,
1483 2283 1513 2311 2.
1542 2277 1617 2321 160,
1632 2284 1664 2312 a.
1689 2278 1847 2326 161,

1105 2334 1181 2376 162,
1201 2339 1231 2367 2.
1273 2331 1471 2379 Πάτροκλος
1495 2331 1679 2380 Πάτρωνος
1692 2331 1803 2370 Mau·

1104 2390 1181 2434 δών,
1208 2389 1415 2429 ἀποσταλεὶς
1444 2389 1510 2425 ὑπὸ
1535 2389 1700 2436 βασιλέος
1725 2388 1757 2426 Π
1781 2404 1816 2422 ι’

1103 2447 1245 2492 ὶεμαίου
1271 2448 1453 2495 στραταγὸς
1478 2447 1526 2485 εἰς
1544 2442 1686 2493 Κρήταν
1708 2447 1766 2492 45,
1780 2454 1797 2482 7
1831 2478 1835 2482 .

1104 2505 1289 2551 στρατηγὸς
1322 2505 1382 2539 ’καὶ
1418 2503 1524 2550 ἱερεὺς
1560 2516 1621 2538 του
1655 2501 1813 2550 πλήθσυ

1102 2566 1170 2595 τῶν
1183 2561 1449 2609 μαχαιροφόρων
1462 2562 1541 2605 737,
1553 2569 1582 2595 5.
1599 2562 1693 2596 -4,
1720 2577 1726 2592 a
1760 2554 1807 2591 μ’
1837 2603 1846 2614 η

1103 2618 1215 2662 sentus
1245 2617 1432 2664 satrapiae
1454 2618 1498 2653 in
1520 2629 1629 2664 rayno
1652 2610 1809 2655 Asioew'

1105 2677 1286 2744 στραταγὸς
1309 2676 1368 2710 καὶ
1391 2675 1568 2722 ἀρχιερεὺς
1586 2673 1710 2720 Συρίας
1730 2671 1809 2725 Κσῖ

1104 2732 1166 2771 λας
1189 2733 1248 2767 καὶ
1273 2730 1434 2770 Φοινίκας
1458 2732 1536 2775 230,
1556 2737 1586 2766 2.
1630 2742 1754 2779 στρατη
1782 2732 1802 2765 J

1103 2794 1164 2836 τῆς
1206 2787 1394 2834 Σουσιανῆς
1435 2790 1512 2832 747,
1545 2795 1575 2823 3.
1631 2800 1702 2835 στρ
1805 2783 1807 2786 ⁴
1835 2821 1838 2826 ,

1106 2844 1298 2884 Καταονίας
1331 2846 1407 2889 364,
1429 2853 1456 2880 5.
1492 2864 1534 2871 -
1565 2847 1598 2880 5.
1622 2846 1696 2881 dux
1724 2843 1837 2877 arr-⁵*

1107 2902 1217 2938 citus.
1280 2903 1465 2949 στρατηγὸς
1525 2903 1597 2946 (του
1651 2902 1799 2949 βασιλ
1834 2880 1840 2923 ¹-
1854 2905 1858 2958 j
