1858 3126
195 149 279 188 414
379 147 466 180 VIII.
502 147 649 189 Imperii
674 147 827 180 Romani
852 148 1061 190 provinciae
1085 149 1288 182 orientales.
1338 152 1369 182 9.
1393 149 1590 193 Aegyptus.
1700 151 1779 194 [674

310 286 388 327 ὅσα
434 285 497 326 δεῖ
540 283 630 333 τοὺς
672 283 920 341 μισθ[ω]Ιτὰς
958 289 1027 328 τοῦ
1067 286 1107 328 ἐν
1146 284 1312 329 Κόπτωι
1353 286 1669 343 ὑποπείπτονὶτος
1713 292 1780 344 τῆι

266 365 285 396 5
315 353 574 410 ἀροιβαρχίᾳ2
612 354 878 397 οἰποσίτολίου3
912 354 1115 411 πράσΗσειν
1153 353 1257 397 κατὰ
1303 354 1368 397 τὸν
1405 356 1649 412 γνώμον[α]4
1682 357 1780 413 τῇδε

195 503 369 536 refellitur
402 505 507 537 titulo
542 505 666 538 Latino
700 506 795 548 apud
827 506 873 538 ΡΙ.
897 506 1013 538 Petrie
1045 506 1183 547 Koptos
1209 515 1243 548 p.
1263 509 1305 538 26
1338 515 1372 539 n.
1390 506 1447 548 111,
1477 506 1542 539 ubi
1573 516 1606 539 v.
1633 509 1646 539 4
1684 506 1781 540 illius

194 562 370 603 principis
395 571 527 594 nomen
553 563 733 604 integrum
758 564 885 605 exstat,
913 573 944 595 v.
965 566 983 595 5
1010 572 1096 596 vero
1115 563 1286 605 praefecti
1303 563 1457 605 Aegypti
1472 572 1605 596 nomen
1622 563 1782 597 deletum

194 621 259 661 est,
286 619 478 653 manifesto
504 620 601 653 idem
626 622 735 663 atque
759 621 828 663 hic,
854 622 1028 663 quoniam
1054 631 1087 654 v.
1107 624 1125 653 7
1151 619 1192 653 L.
1211 619 1372 654 Antistio
1395 619 1559 655 Asiatico
1577 619 1780 665 praenotato)

195 674 407 718 Heremices)
432 679 517 719 (not.
536 681 566 711 5.
586 680 616 718 6)
642 678 784 720 legitur.
835 678 946 717 Quale
970 688 1057 712 vero
1084 688 1217 711 nomen
1242 679 1492 721 reponendum
1518 680 1575 722 sit,
1600 680 1636 712 in
1661 679 1780 712 medio

194 735 473 776 relinquendum
492 737 557 768 est.
598 735 689 769 Nam
708 736 808 778 quod
826 736 1031 778 Hogarthus
1049 736 1197 778 quidem
1223 738 1259 769 et
1283 737 1318 768 P.
1336 737 1459 779 Meyer
1483 737 1635 770 Hermae
1651 737 1782 769 XXXII

194 800 228 832 p.
249 794 314 823 2⁴2
341 794 446 825 caute
471 794 507 825 et
531 792 739 825 dubitanter
762 794 1008 835 pronuntiant,
1040 794 1203 826 Mettium
1229 794 1360 826 Rufum
1386 794 1445 826 bic
1469 794 1621 827 fortasse
1644 794 1782 827 intelle-

194 848 351 890 gendum
377 858 467 892 esse,
493 850 528 882 id
554 850 710 892 probare
735 859 886 893 nequeo,
912 851 1027 884 multo
1052 860 1139 884 vero
1163 852 1285 884 minus
1309 851 1409 893 quod
1427 852 1607 893 Seymour
1623 851 1668 885 de
1684 852 1782 884 Ricci

194 906 292 938 haud
324 909 516 940 cunctatus
549 906 583 947 ἐξ
615 906 777 952 ἐπιταγῆς
809 905 967 949 [Μεττὶου
995 903 1140 952 Ῥούφου
1173 906 1338 954 ἐπάρξχου
1364 906 1552 953 Αἰγύπτου]
1586 909 1783 952 supplevit.

194 964 335 996 Etenim
361 964 566 1006 Hogarthus
591 965 790 1007 disputavit
821 974 864 998 ex
889 967 1063 1007 quattuor
1087 966 1149 1007 qui
1180 966 1257 999 noti
1288 967 1410 998 essent
1433 966 1630 998 Domitiani
1653 967 1781 1000 aetatis

193 1021 385 1063 praefectis
411 1022 458 1062 (C.
477 1022 618 1054 Laelius
635 1022 836 1065 Africanus,
863 1023 899 1055 C.
916 1023 1113 1065 Septimius
1126 1023 1294 1064 vegetus,
1321 1023 1357 1055 T.
1376 1023 1565 1056 Petronius
1582 1023 1780 1066 Secundus,

194 1079 238 1111 M.
257 1079 402 1112 Mettius
427 1079 550 1119 Rufus)
584 1082 658 1113 tres
684 1080 845 1122 reliquos
880 1081 915 1112 in
940 1080 1055 1112 titulis
1080 1080 1267 1122 Aegyptiis
1298 1081 1591 1123 commemorari,
1623 1080 1688 1114 ubi
1718 1090 1781 1114 no·

194 1137 292 1169 mina
318 1146 389 1169 non
413 1145 516 1169 erasa
540 1139 671 1179 essent,
698 1138 821 1179 itaque
847 1147 960 1170 unum
987 1138 1022 1170 in
1047 1146 1198 1170 censum
1217 1138 1340 1170 venire
1357 1138 1534 1171 Mettium.
1573 1137 1673 1177 Quae
1689 1138 1782 1171 ratio

193 1195 242 1226 ita
259 1202 346 1227 sane
369 1193 556 1236 probanda
573 1196 678 1237 esset,
705 1196 735 1227 si
754 1196 936 1228 constaret
952 1195 1091 1227 nullum
1117 1195 1228 1227 fuisse
1245 1195 1305 1228 illo
1324 1195 1529 1238 principatu
1547 1195 1780 1238 praefectum,

193 1251 299 1284 cuius
332 1253 507 1284 memoria
539 1252 645 1293 plane
675 1252 929 1285 intercidisset.
978 1252 1047 1284 Sed
1077 1262 1121 1285 ne
1154 1261 1262 1295 posse
1297 1252 1446 1295 quidem
1482 1252 1560 1285 fieri
1594 1253 1636 1286 ut
1667 1252 1781 1286 Mettii

194 1317 327 1341 nomen
358 1309 417 1342 hic
449 1310 663 1342 restituatur
695 1310 773 1342 iure
807 1310 1010 1352 meritoque
1042 1310 1126 1343 inde
1159 1310 1317 1352 colligas,
1356 1309 1457 1352 quod
1487 1310 1604 1352 ipsius
1633 1318 1789 1352 quoque-

192 1375 338 1408 nomen,
370 1376 442 1399 non
467 1367 503 1399 in
527 1368 691 1409 Aegypto
717 1367 876 1410 quidem,
903 1367 965 1400 sed
991 1368 1027 1399 in
1052 1367 1171 1409 Lycia,
1203 1367 1238 1399 in
1269 1367 1384 1400 titulis
1417 1367 1578 1400 honoriis
1603 1367 1780 1400 intactum

193 1425 337 1456 mansit.
378 1423 446 1462 Qui
471 1433 554 1456 cum
581 1425 722 1457 Traiani
747 1425 895 1457 demum
914 1425 1119 1467 principatu
1145 1425 1248 1457 incisi
1271 1425 1344 1457 sint
1369 1424 1422 1464 (cf.
1448 1434 1481 1457 n.
1501 1422 1606 1467 56⁴2),
1631 1426 1782 1466 apparet

193 1483 290 1514 certe
314 1482 510 1514 Domitiani
535 1483 685 1515 saevitia
711 1491 780 1515 non
807 1491 1026 1524 oppressum
1051 1483 1215 1515 Mettium
1241 1481 1383 1515 Rufum.
1432 1482 1483 1514 De
1508 1481 1604 1514 Ricci
1634 1490 1720 1514 sane
1745 1482 1783 1514 in

194 1539 302 1571 litura
319 1539 458 1572 litteras
484 1540 625 1581 priscae
643 1541 844 1582 scripturae
869 1537 926 1574 M.
943 1551 1034 1573 ,τιου
1050 1565 1057 1572 .
1074 1565 1081 1572 .
1096 1565 1103 1572 .
1119 1551 1142 1584 φ
1157 1563 1278 1572 ......
1304 1539 1482 1581 dispicere
1499 1538 1568 1572 sibi
1586 1539 1688 1572 visus
1713 1541 1779 1582 est,

194 1596 258 1628 sed
283 1597 404 1629 nescio
430 1606 474 1629 an
500 1600 693 1639 praecepta
719 1598 842 1639 opinio
861 1606 945 1630 eum
971 1597 1144 1630 fefellerit.
1186 1597 1289 1630 Certe
1313 1597 1349 1629 in
1365 1596 1476 1629 Milnii
1499 1596 1667 1639 exemplo
1693 1596 1781 1629 nihil

193 1654 373 1687 eiusmodi
399 1657 596 1696 comparet.
645 1655 771 1696 Utique
802 1655 836 1687 id
867 1657 1028 1696 apparet,
1061 1664 1145 1687 eum
1173 1655 1236 1696 qui
1261 1654 1445 1696 quondam
1470 1654 1529 1686 hic
1557 1662 1781 1686 commemo-

193 1713 293 1744 ratus
325 1711 452 1744 fuisset
479 1712 700 1754 praefectum
732 1714 809 1744 tum
835 1721 919 1745 curn
946 1721 1077 1745 nomen
1103 1712 1286 1744 deleretur
1316 1721 1390 1744 non
1419 1713 1491 1744 iam
1517 1711 1628 1744 fuisse
1652 1719 1779 1753 super-

193 1769 326 1802 stitem.
377 1770 584 1802 Putaverim
609 1779 693 1802 eum
720 1779 833 1802 unum
860 1770 970 1802 fuisse
1001 1778 1044 1802 ex
1069 1770 1265 1802 Domitiani
1291 1769 1438 1802 asseclis
1470 1770 1507 1801 et
1530 1767 1779 1810 familiaribus,

193 1828 298 1859 cuius
325 1828 503 1860 memoria
527 1837 600 1860 una
624 1837 708 1860 cum
734 1828 849 1869 ipsius
874 1827 1107 1869 imperatoris
1132 1828 1219 1868 post
1243 1826 1340 1859 illius
1371 1834 1497 1859 necem
1529 1825 1697 1858 damnata
1721 1826 1779 1858 sit.

194 1887 213 1916 2
246 1885 296 1916 De
330 1885 519 1917 arabarchi
550 1885 764 1927 magistratu
796 1885 839 1918 cf.
865 1894 898 1917 n.
919 1883 1016 1926 5703,
1058 1884 1154 1917 unde
1184 1883 1373 1926 apparebit
1407 1892 1474 1916 cur
1509 1882 1778 1916 assentiendum

193 1943 399 1984 putaverim
425 1942 612 1975 Wilckeno
637 1942 799 1984 aliisque,
831 1942 894 1983 qui
920 1943 989 1974 hoc
1013 1941 1118 1974 titulo
1152 1940 1300 1983 probari
1325 1940 1543 1982 existiment,
1574 1939 1711 1980 origine
1744 1941 1779 1971 et

193 2001 342 2041 propria
361 2000 397 2031 vi
414 2000 566 2032 eandem
583 2009 663 2033 esse
679 2009 806 2033 vocem
833 1998 1032 2045 ἀραβάρχης
1057 2001 1094 2031 et
1110 1996 1320 2043 ἀλαβάρχης,
1346 1998 1468 2039 potius
1485 2005 1595 2038 quam
1613 1996 1779 2030 Rostow-

193 2058 320 2098 zewio‚
354 2058 415 2098 qui
440 2066 519 2089 eam
546 2058 759 2089 sententiam
786 2057 854 2090 hac
878 2056 1003 2089 eadem
1030 2055 1264 2097 inscriptione
1297 2053 1586 2086 luculentissime
1610 2052 1778 2095 redargui

193 2114 263 2146 sibi
294 2115 486 2155 persuasit.
537 2114 625 2146 Cum
660 2114 817 2155 Jouguet
846 2114 1096 2146 ΛΡΑΡΙΑΙΧΙΑ
1127 2111 1361 2152 exhibuisset,
1394 2111 1487 2143 inter
1518 2109 1711 2158 ἀραβαρχίᾳ
1743 2112 1777 2143 et

193 2169 399 2216 ἀραβιαρχίᾳ
429 2170 530 2202 dubii
563 2171 757 2203 haeserunt
789 2170 956 2202 editores.
1006 2169 1073 2201 Sed
1104 2169 1215 2201 Milnii
1249 2168 1513 2210 photographia
1544 2167 1650 2201 docet
1684 2168 1779 2200 inter

195 2230 220 2261 Β
246 2229 282 2260 et
306 2229 335 2261 Α
369 2236 485 2269 neque
516 2227 675 2269 spatium
707 2235 823 2268 neque
854 2226 1047 2267 vestigium
1079 2226 1218 2258 litterae
1250 2233 1340 2258 esse.
1389 2224 1552 2257 Verbum
1578 2222 1777 2258 ὑποπίπτειν

193 2286 252 2318 hic
277 2285 374 2318 idem
400 2284 470 2317 sibi
487 2284 578 2316 velle
604 2285 713 2326 atque
731 2283 819 2316 illud
836 2283 933 2325 quod
959 2283 1182 2324 frequentius
1209 2284 1376 2315 occurrat
1395 2279 1607 2325 ὑποκεῖσθαι,
1631 2281 1780 2315 adnotat

193 2342 355 2375 Wilcken
382 2342 498 2374 allatis
523 2341 673 2383 papyris
692 2341 881 2374 Parisiensi
897 2340 1046 2372 Notices
1064 2342 1099 2372 et
1115 2340 1265 2372 extraits
1289 2339 1351 2372 des
1369 2339 1587 2372 manuscrits
1603 2338 1726 2381 XVllI,
1745 2341 1776 2380 2,

195 2403 283 2432 4865
301 2402 408 2442 p.230
429 2401 594 2440 n.47,i2:
623 2395 799 2442 μισθωτὴς
823 2395 937 2434 εἴδους
963 2394 1143 2442 ἐγκυκλίου
1163 2395 1220 2430 καὶ
1246 2394 1477 2439 ὑποκειμένων
1495 2394 1655 2443 βασιλικῇ
1669 2406 1778 2441 γραμ-

194 2455 315 2500 ματείᾳ
340 2458 376 2488 et
392 2456 613 2488 Berolinensi
638 2455 727 2487 Berl.
747 2464 797 2496 gr.
815 2455 892 2487 Urk.
911 2455 923 2486 l
942 2463 974 2496 p.
996 2457 1060 2486 329
1088 2464 1120 2486 n.
1137 2457 1212 2496 337,
1232 2457 1268 2487 9:
1295 2451 1533 2498 ὑποκειμ[ἑνου
1556 2452 1777 2498 admito-{pap-

194 2511 348 2558 ματ(είᾳ).
385 2523 419 2545 v.
439 2515 498 2545 ⁴8:
534 2510 759 2555 ὑποκειμένου
779 2510 1052 2557 ἐπιστρατη[γίᾳ].
1093 2511 1387 2544 Additamentum
1406 2508 1440 2543 ἐν
1459 2506 1590 2555 Κόπτῳ
1615 2519 1702 2543 vero
1718 2509 1775 2543 W.

193 2572 270 2604 sine
295 2570 406 2603 dubio
431 2572 528 2602 recte
553 2578 596 2602 eo
622 2568 740 2611 refert,
771 2569 872 2611 quod
896 2578 967 2602 non
999 2569 1109 2602 modo
1135 2569 1250 2612 Copti,
1284 2568 1348 2601 sed
1378 2568 1510 2600 iterum
1543 2567 1588 2599 ad
1612 2566 1775 2599 Rubrum
1836 2578 1849 2622 ἔ·

194 2636 304 2670 mare,
345 2627 408 2659 ubi
433 2627 492 2659 via
525 2635 589 2668 per
621 2626 805 2659 desertum
838 2626 1040 2668 finiebatur,
1072 2626 1161 2659 tales
1193 2626 1386 2668 pensiones
1418 2623 1600 2656 faciendae
1631 2623 1775 2657 fuerint.

195 2688 213 2717 3
246 2685 323 2718 Hoc
347 2693 478 2717 nomen
503 2685 687 2726 ceteroqui
713 2684 916 2717 inauditum
941 2684 1105 2716 Wilcken
1130 2683 1176 2716 ab
1200 2679 1374 2725 ἀποστολὴ
1406 2681 1611 2714 derivatum
1641 2681 1776 2722 signifi·
1838 2700 1842 2713 2

193 2752 276 2776 care
300 2743 427 2775 statuit
452 2741 604 2783 vectigal
629 2741 728 2783 quod
746 2741 965 2783 penderetur
983 2741 1152 2783 praesidii
1177 2741 1214 2772 et
1236 2739 1371 2772 tutelae
1388 2746 1508 2780 causa,
1533 2746 1626 2779 quae
1643 2738 1775 2770 milites

192 2802 322 2833 itinera
348 2801 593 2832 mercatorum
618 2799 832 2831 comitantes
865 2799 935 2831 illis
965 2798 1182 2841 praeberent
1207 2793 1455 2840 (Gdeasyeld).
1503 2795 1571 2828 Sed
1601 2803 1643 2828 ea
1666 2796 1774 2827 inter-

192 2858 395 2900 pretatione
425 2858 567 2899 cogitur
598 2857 689 2889 duas
721 2856 941 2897 distinguere
972 2858 1094 2898 partes
1127 2854 1280 2895 tabulae,
1313 2862 1357 2886 ex
1382 2852 1516 2895 quibus
1547 2853 1584 2884 in
1614 2853 1773 2895 priorem
1822 2856 1837 2879 ζ

194 2915 304 2949 modo
323 2915 368 2957 (v.
387 2914 509 2955 9—20)
536 2915 703 2947 accurate
719 2913 871 2955 quadret
897 2914 955 2946 hic
973 2912 1174 2955 argumenti
1191 2911 1308 2953 index,
1334 2919 1417 2962 cum
1435 2910 1546 2942 altera
1563 2910 1607 2951 (v.
1627 2909 1773 2950 24—32)
