1858 3126
184 129 268 169 712

182 266 336 312 σύνοψις’
383 264 407 309 ἡ
454 264 623 312 λεγομένη
671 265 760 300 κατὰ
799 263 938 311 σύνοψιν

227 321 502 369 ἀπαίτησις-669,
522 330 575 357 55.
613 322 698 368 πρὸς
716 321 940 367 συκοφαντίαν

226 384 294 414 τῶν
329 378 417 415 κατὰ
454 379 592 426 σύνοψιν
623 378 940 427 παραγραφομὲνων

228 437 306 480 669,
328 445 366 472 58

182 492 348 532 σύνταξις·
384 497 446 539 τῆς
480 493 667 534 συντάξεως
696 496 756 528 τοῦ
787 493 940 528 ἐνιαυτοῦ

229 549 398 596 μενούσης
423 549 464 584 ἐκ
486 555 554 584 τῶν
571 550 751 596 τριάκοντα
775 550 942 597 ἑξήκοντα

226 606 366 654 ἡμερῶν
400 608 454 651 56,
474 615 528 643 43.
578 608 654 653 περὶ
688 608 751 653 τὴν
788 607 940 649 σύνταξιν

226 669 292 699 τῶν
319 666 416 713 ὡρῶν
443 666 497 709 56,
517 673 571 700 45.
610 670 674 711 τῆς
699 665 737 699 δὲ
754 663 940 703 συντάξεως

226 721 354 767 ἀφίημι
399 722 472 768 τὴμ
520 720 704 768 Πριηνέωμ
759 720 856 755 πόλιν
910 722 940 764 1,

230 786 375 815 13—15.
426 779 488 825 τὴν
527 778 752 824 ὑποκειμένην
789 777 940 818 σύνταξιν

227 835 429 882 διδομὲν(η)ν
461 832 541 870 κατ’
573 835 647 875 ἔτος
675 837 750 880 168,
770 843 822 870 21.
865 847 940 870 συν-

226 893 335 933 τάξεις
387 893 516 932 σιτικάς
566 906 604 927 τε
654 893 713 927 καὶ
750 893 940 940 ’ἀργυρικάς

229 951 284 994 90,
306 958 344 985 14

182 1008 416 1053 συνταράσσω·
448 1008 560 1053 πάσης
584 1007 691 1045 οἰκίας
716 1018 940 1053 συνταρασσο-

228 1063 333 1110 μένης
359 1065 436 1108 669,
457 1072 496 1098 41

182 1121 351 1156 συντάττω
377 1120 519 1172 (ἱαόεᾳῂε
545 1120 731 1168 παραγγεί)
733 1134 833 1159 αντας
856 1120 940 1155 ὑπα-

225 1177 340 1212 κούειν
364 1178 473 1239 τιεεριθ1
494 1203 510 1229 5
515 1190 570 1228 Α,τιν
594 1177 749 1225 γράφη
730 1191 753 1224 η
773 1178 939 1224 συντάσση

227 1236 305 1279 244,
324 1243 378 1270 40.
474 1249 547 1274 τας
546 1246 586 1270 ον
612 1248 670 1270 ουν
701 1254 747 1260 -
776 1248 941 1284 καταχω-

228 1291 329 1337 ρίζειν
362 1293 440 1337 244,
468 1301 522 1328 31.
571 1293 726 1333 συντάξαι
753 1290 940 1340 Νουμηνίῳ

225 1368 272 1374 -
295 1349 423 1396 γράψαι
454 1349 560 1398 Λόχῳ
588 1350 665 1394 139,
686 1357 737 1385 14.
782 1350 939 1391 σύνταξον

226 1410 482 1453 καταμετρῆσαι
507 1407 585 1451 221,
606 1414 659 1441 43.
679 1415 732 1442 64.
781 1406 939 1447 σύνταξον

228 1463 286 1498 οὖν
319 1463 518 1510 παραδεῖξαι
548 1461 792 1511 Ἀριστοδικίδῃ
822 1484 869 1490 —
899 1466 940 1499 τὰ

228 1520 376 1568 δισχίλια
397 1519 532 1567 πλέθρα
556 1521 634 1564 221,
653 1527 705 1555 21.
742 1521 856 1560 καλῶς
881 1521 940 1556 οὖν

227 1577 380 1623 ποιήσεις
414 1576 573 1617 συντάξας
605 1577 841 1624 προνοηθῆναι
866 1578 940 1613 κτλ.

229 1636 306 1679 168,
325 1641 379 1669 29.
428 1634 586 1675 σύνταξον
615 1634 816 1681 παραδεῖξαι
839 1632 942 1682 Ἀρρι-

227 1691 310 1737 δαίῳ
336 1711 382 1717 -
404 1691 466 1737 τήν
490 1704 527 1726 τε
550 1692 673 1737 κώμην
690 1691 764 1727 κτλ.
789 1693 867 1735 225,
887 1699 940 1727 20.

227 1749 289 1795 τὴν
324 1748 442 1784 θυσίαν
479 1748 521 1794 ἣν
562 1748 814 1796 συντετάχαμεν
856 1748 947 1797 αὐτῷ

227 1806 305 1850 214,
323 1813 377 1840 24.
419 1805 671 1853 συντετάχαμεν
699 1803 940 1854 Ἀριστοδικίδῃ

227 1862 284 1897 ἐᾶν
318 1862 439 1901 αὐτοὺς
471 1862 576 1897 οἰκεῖν
609 1863 687 1906 221,
707 1870 760 1897 48.
808 1864 870 1909 τὴν
903 1863 940 1897 δε

226 1920 327 1965 τιμὴν
345 1919 596 1968 συντετάχαμεν
611 1919 802 1966 ἀνενεγκεῖν
817 1921 912 1964 225,1
922 1928 938 1954 5

181 1975 372 2010 συντέλεια·
398 1976 724 2024 ἀρχιφυλακήσοιντα
749 1977 783 2011 ἐν
800 1978 843 2024 τῇ
856 1977 941 2022 πρὸς

226 2033 275 2078 τῷ
307 2031 434 2079 Κράγῳ
473 2033 645 2079 συντελείᾳ
677 2035 755 2077 565,
785 2041 837 2068 13.
884 2033 941 2068 διὰ

225 2092 289 2134 τῆς
312 2093 371 2123 τοῦ
396 2089 549 2134 πολέμου
577 2089 764 2128 συντελείας
789 2091 865 2134 327,
887 2098 903 2124 6

182 2144 350 2180 συντελὲω
370 2145 517 2190 passim

181 2202 364 2249 συντίθημι
386 2203 533 2248 mammio,
554 2203 673 2239 iubeo:
699 2203 876 2242 συνθέντες
894 2223 940 2229 -

226 2261 277 2306 τῷ
300 2260 487 2307 πρεσβευτᾷ
501 2281 547 2286 -
563 2260 839 2296 ἀποκαταστᾶσαι
855 2260 941 2295 αὐτὰ

228 2318 280 2359 (τὰ
316 2318 466 2363 σώματα)
502 2320 552 2364 τῷ
585 2316 654 2363 θεῷ
684 2319 742 2353 καὶ
770 2319 812 2364 τᾷ
842 2317 941 2352 πόλει

228 2375 305 2417 345,
326 2381 379 2408 11.
426 2378 498 2413 τοῖς
523 2375 616 2422 παρὰ
638 2378 699 2409 τοῦ
724 2375 836 2421 δήμου
860 2387 940 2418 πρε-

227 2429 383 2474 σβευταῖς
420 2430 577 2466 ἐλθοῦσιν
617 2431 801 2478 συνέθηκεν
843 2431 940 2479 (χρή-

229 2488 330 2531 ματα)
356 2488 434 2530 771,
456 2495 493 2522 17

181 2543 365 2591 σύντροφος
388 2547 448 2579 τοῦ
466 2544 631 2590 βασιλέως
656 2546 735 2588 247,
755 2551 784 2579 2.
810 2545 888 2588 323,
908 2551 937 2578 2.

228 2602 305 2645 331,
327 2609 357 2636 6.
375 2608 429 2636 28.
455 2602 533 2646 334,
553 2609 582 2636 3.
609 2601 686 2645 372,
706 2608 723 2635 2

182 2658 342 2705 συντυχία
366 2659 446 2703 331,
466 2666 504 2694 19

181 2714 311 2762 σῦριγξ·
345 2715 405 2754 τὰς
439 2716 501 2761 μὲν
530 2714 639 2755 ἄλλας
673 2714 826 2762 σύρινγας
859 2714 938 2750 ἰδὼν
973 2725 975 2746 1

227 2771 418 2817 ἐθαύμασα,
465 2773 527 2820 τὴν
576 2772 614 2807 δὲ
657 2776 718 2808 τοῦ
759 2770 939 2818 Μέμνονος

226 2829 351 2876 ταύτην
415 2829 614 2878 εἱστορήσας
673 2829 939 2876 ὑπερεθαύμασα

228 2889 306 2932 694,
326 2896 356 2923 3.
395 2886 455 2925 τὰς
475 2886 570 2925 θείας
588 2885 743 2934 σύριγγας
761 2886 939 2932 ἐθαύμασα

896 124 1047 161 Indices.

1058 266 1133 309 720,
1167 273 1196 299 3.

1057 323 1133 366 721,
1154 329 1170 355 4

1010 378 1163 417 σύσσιτος
1192 379 1270 423 712,
1290 387 1307 413 5

1010 435 1185 474 σύσστασις
1209 436 1287 480 248,
1308 445 1324 471 8

1010 491 1242 538 συστρατεύω·
1268 493 1301 528 οἱ
1319 494 1642 541 συστρατευσάμενοι
1658 497 1735 538 447,
1749 503 1765 530 3

1010 554 1275 595 συσστρατιῶται
1300 551 1378 594 218,
1397 559 1438 586 45

1011 606 1214 654 συσφραγίζο
1219 619 1280 653 μαι
1290 618 1298 626 ·
1401 608 1768 655 συνσφραγισάσθωσαν

1056 664 1134 708 229,
1151 672 1204 699 86.
1245 665 1584 713 συνσφραγισαμένων
1607 666 1668 700 τάν
1686 665 1768 712 ὁμο-

1056 720 1171 768 λογίαν
1195 722 1254 756 καὶ
1278 722 1474 768 ὀμοσάντων
1503 722 1581 767 229,
1601 729 1654 758 38.
1701 722 1764 770 ἀφ’

1057 777 1096 812 οὔ
1130 776 1173 825 ἂγ
1204 778 1328 825 χρόνου
1361 778 1384 824 ἡ
1416 778 1581 826 ὁμολογία
1604 791 1770 826 συνσφρα-

1055 833 1158 881 γισθῇ
1182 836 1259 879 229,
1281 842 1332 869 58.
1378 834 1496 874 καθὼς
1529 836 1564 870 ἐν
1593 837 1644 883 τῷ
1673 848 1769 871 συνε-

1057 891 1294 939 σφραγισμὲνῳ
1318 891 1414 939 νόμῳ
1430 892 1589 928 τέτακται
1614 895 1767 938 629,152

1011 948 1200 995 σφάκτρον·
1235 948 1275 983 τὸ
1297 952 1357 983 τοῦ
1390 949 1562 997 σφάκτρου
1593 950 1693 990 τέλος
1721 951 1770 990 εἰς

1058 1004 1216 1051 δηνάριον
1241 1004 1374 1052 ὀφείλει
1389 1004 1592 1052 λογεύεσθαι
1614 1009 1766 1052 629,153

1011 1062 1167 1108 σφάττω·
1197 1062 1403 1110 ἐσφαγμένοι
1427 1062 1462 1098 ἐν
1488 1063 1582 1112 ὅρμῳ
1608 1062 1770 1113 Πούχεως

1058 1120 1138 1164 697,
1158 1127 1175 1153 6

1011 1176 1257 1223 σφραγίζομαι·
1289 1175 1593 1223 σφραγισάσθωσαν
1619 1179 1696 1223 229,
1717 1187 1769 1213 87.

1057 1233 1349 1280 σφραγισαμὲνους
1377 1234 1456 1278 234,
1475 1241 1515 1268 35

1269 264 1446 312 ἱστορήσας
1500 266 1561 305 τὰς
1613 266 1767 314 σύριγγας

1011 1279 1252 1337 σφραγίς·τᾷ
1291 1291 1389 1337 κοινᾷ
1427 1295 1495 1325 τῶν
1529 1289 1771 1339 Ἀμφικτιόνων
1838 1294 1847 1336 f

1058 1347 1218 1394 σφραγῖδι
1241 1348 1320 1392 234,
1341 1355 1381 1382 35

973 1423 978 1614 Ι
1012 1405 1220 1452 σφραγισμὸς
1244 1404 1418 1439 πιττακίου
1444 1406 1522 1450 674,
1544 1412 1584 1440 22

1013 1465 1148 1509 σχῆμα·
1172 1461 1220 1500 εἰς
1244 1460 1368 1508 ἀτυχὲς
1391 1461 1628 1509 μεταβεβηκὸς
1652 1467 1770 1511 σχῆμα
1842 1481 1849 1486 -

1057 1518 1136 1563 458,
1152 1526 1182 1553 7.
1223 1518 1322 1564 σορὸν
1349 1518 1436 1563 μετὰ
1457 1522 1517 1554 τοῦ
1543 1519 1768 1566 ὑποκειμένου

1057 1575 1189 1612 λιθίνου
1215 1575 1367 1623 σχήματι
1392 1575 1512 1622 βωμοῦ
1537 1576 1615 1621 526,
1635 1584 1666 1611 3.
1711 1578 1769 1612 τὸν

1057 1633 1159 1668 τόπον
1183 1636 1244 1668 τοῦ
1268 1630 1443 1679 Κορασίου
1468 1652 1513 1658 -
1537 1632 1584 1672 εἰς
1608 1637 1708 1669 τοῦτο
1732 1636 1770 1669 τὸ

1059 1694 1179 1738 σχῆμα
1201 1688 1327 1736 ἤγαγεν
1354 1690 1431 1734 580,
1450 1697 1467 1724 8

1014 1746 1178 1796 σχοινίον·
1207 1751 1270 1794 τῆς
1300 1767 1349 1772 -
1376 1746 1520 1795 ἀρχαίας
1547 1751 1621 1795 γῆς,
1655 1747 1703 1787 εἰς
1727 1747 1768 1793 ἣν

1059 1804 1220 1839 οὐδέποτε
1246 1803 1393 1852 σχοινίον
1409 1803 1607 1852 κατηνέχθη
1631 1805 1710 1849 669,
1726 1812 1766 1840 60

1014 1860 1142 1908 σχοινίς
1166 1862 1244 1905 214,
1265 1869 1305 1895 55

1014 1918 1193 1966 σχολάζειν
1220 1919 1297 1963 569,
1313 1925 1352 1952 23

1013 1975 1255 2023 σχολαστικός·
1309 1974 1493 2022 Βουρίχιος
1545 1973 1768 2022 σχολαστικὸς

1057 2030 1302 2076 Ἀσκαλωνίτης
1332 2031 1409 2075 691,
1430 2039 1459 2065 1.
1495 2028 1670 2070 Ἐλπίδιος
1691 2027 1769 2078 Ἑρ-

1057 2088 1249 2136 μοκράτους
1310 2087 1532 2134 σχολαστικὸς
1592 2087 1768 2135 ῥητορικὸς

1056 2142 1285 2191 Ἀλεξανδρεύς
1310 2145 1388 2189 693,
1404 2151 1421 2179 2

1011 2202 1263 2248 σωληνοκένται
1289 2203 1366 2246 756,
1386 2210 1403 2235 5

1011 2264 1122 2304 σῶμα,
1149 2260 1290 2305 σώματα
1307 2258 1454 2304 passim

1012 2316 1278 2363 σωματὲμπορος
1305 2317 1381 2360 524,
1401 2324 1418 2350 5

1012 2372 1222 2419 σωματικάς·
1255 2374 1343 2408 κατὰ
1372 2376 1439 2408 πᾶν
1467 2372 1490 2418 ἢ
1521 2372 1712 2419 ἀργυρικῶς
1742 2371 1765 2417 ἢ

1057 2435 1261 2475 σωματικῶς
1285 2429 1535 2475 κολασθήσεται
1559 2429 1637 2473 664,
1658 2436 1694 2462 17

1011 2487 1261 2534 σωματοφύλαξ
1278 2489 1355 2530 747,
1372 2494 1401 2522 2.
1440 2491 1507 2521 τῶν
1524 2489 1584 2520 τοῦ
1603 2485 1767 2531 βασιλέως

1055 2542 1210 2580 Ἀττάλου
1228 2543 1447 2590 Φιλαδέλφου
1466 2541 1766 2588 σωματοφυλάκων

1057 2603 1135 2645 329,
1157 2610 1185 2636 5.
1206 2609 1222 2635 e

1011 2659 1122 2704 σωτήρ
1141 2657 1286 2703 passim

1012 2716 1159 2761 σωτηρία
1178 2714 1332 2760 passim.
1370 2712 1530 2753 εὔξασθαι
1552 2715 1625 2751 τοῖς
1658 2711 1767 2747 θέοισι

1056 2771 1111 2806 ἐπὶ
1152 2771 1315 2818 σωτηρίαι
1354 2771 1412 2805 καὶ
1450 2767 1659 2814 εὐδαιμονίαι
1697 2773 1763 2802 τῶν

1056 2828 1198 2863 πολίταν
1232 2830 1264 2872 2,
1289 2836 1344 2863 40.
1393 2826 1494 2862 ἕνεκα
1523 2830 1586 2872 τῆς
1609 2831 1676 2859 τῶν
1708 2825 1765 2859 ἀν-

1056 2885 1204 2931 θρώπων
1230 2883 1395 2931 σωτηρίας
1420 2885 1473 2927 56,
1495 2891 1546 2918 17.
1596 2882 1704 2917 ἔδωκε
1729 2881 1765 2916 δὲ
1827 2878 1835 2926 ΪἸ
