1858 3126
275 120 357 164 178
511 121 601 155 V111.
637 123 785 165 Imperii
809 123 959 156 Romani
983 124 1192 166 provinciae
1218 125 1419 159 orientales.
1469 128 1500 160 4.
1525 115 1619 160 Asia.
1727 127 1854 170 [524-

320 274 365 307 20
392 265 413 305 ὁ
451 262 717 309 ἐνδοξώτατος
753 259 932 318 ἔπαρχος
966 265 1037 318 τῆς
1071 262 1225 310 πόλεως
1237 264 1272 291 ¹⁰
1314 263 1512 320 ἀνήγαγεν
1548 263 1560 321 ΙΙ
1589 270 1639 321 τῇ
1676 266 1854 323 ἡμετέρᾳ

389 330 618 388 εὖσεβ(ε)ίᾳ,
651 330 813 378 ἅστινας
842 329 912 373 καὶ
943 329 1008 373 ἐπὶ
1037 333 1107 373 τοῦ
1135 332 1331 388 παρόντος
1360 331 1430 375 καὶ
1460 330 1573 391 μεΙτὰ
1604 336 1730 377 ταῦτα
1757 351 1854 392 προ-

388 402 504 457 σήκει
534 401 656 456 μόνας
688 400 842 442 διδόναι
872 399 1018 448 οὕτως·
1052 399 1058 456 Ι

287 491 352 543 §4
393 489 431 531 οἱ
475 486 628 545 οἰνηγοὶ
671 485 818 535 πάντες
863 487 900 529 οἱ
938 485 1002 530 τὸν
1042 485 1147 530 οἶνον
1184 488 1413 543 κομίζοντες
1449 489 1507 537 εἰς
1541 489 1613 547 τὴν
1653 489 1851 547 βασιΙλίδα

385 558 561 614 [ταό]την
574 559 608 586 11
649 557 831 613 πόλ<ε>ιν
845 558 890 611 1²,
933 556 1035 614 πλὴν
1082 558 1210 613 μόνων
1252 561 1329 601 τῶν
1365 557 1545 601 Κιλίκων
1557 560 1602 613 13,
1642 557 1647 616 Ι
1685 561 1851 604 κλασσι-

384 628 513 675 κοῖς14
543 629 618 670 τῶν
651 628 795 670 στενῶν
827 626 1064 683 φόλλ(ε)ις15
1094 627 1133 674 ἓξ
1163 626 1232 669 καὶ
1262 628 1445 676 Εέστας1θ
1475 627 1558 670 δύο.
1590 627 1602 685 ΙΙ

283 715 352 767 §2
385 714 423 756 οἱ
459 711 596 770 ἐληγοὶ
636 711 706 755 καὶ
742 712 935 770 ὀσπρηγοὶ
948 715 981 741 1⁷
1018 711 1087 755 καὶ
1123 712 1366 770 λαρδηγοὶ18
1394 714 1625 763 κλασσικοῖς
1654 717 1732 758 τῶν
1763 731 1851 758 στε-

310 781 353 815 25
381 785 458 826 νῶν
493 782 498 839 Ι
532 781 723 839 φόλλ(ε)ις
753 782 793 829 ἕξ
813 806 870 812 -
891 782 928 824 οἱ
950 779 1113 829 Κίλικες
1143 782 1365 839 ναύκληροι
1393 783 1624 831 κλασσικοῖς
1654 785 1731 826 τῶν
1763 800 1850 827 στε-

263 1003 434 1036 observat
458 1002 657 1035 Zachariae.
778 1003 818 1033 40
853 1000 1058 1034 Praefectus
1083 1001 1186 1034 urbis
1212 1001 1551 1045 Constantinopolis,
1577 1004 1640 1045 qui
1657 1004 1735 1036 tum
1753 1004 1846 1037 inter

262 1069 428 1094 summos
453 1060 686 1102 magistratus
710 1059 836 1092 civiles
860 1059 974 1091 totius
991 1059 1134 1101 imperii
1151 1061 1238 1101 erat,
1265 1059 1445 1102 siquidem
1462 1060 1643 1103 praefecto
1660 1063 1845 1104 praetorio

263 1119 417 1151 Orientis
448 1127 522 1150 non
546 1117 767 1159 inferiorem,
806 1116 868 1149 sed
893 1125 1047 1158 aequam
1072 1118 1291 1158 potestatem
1315 1117 1483 1159 habebat,
1508 1118 1578 1161 ipsi
1602 1119 1757 1161 principi
1780 1120 1844 1152 uni

262 1176 442 1209 subditus.
553 1178 589 1206 44
636 1174 825 1216 Supplevit
842 1174 1042 1207 Zachariae.
1084 1173 1188 1220 [πρὸς]
1208 1173 1270 1219 τὴν
1295 1175 1540 1218 Mordtmann;
1569 1176 1612 1209 cf.
1638 1177 1842 1219 proximam

262 1235 396 1267 notam.
504 1235 545 1264 42
578 1224 754 1266 ΠΟλΟΙΝ
781 1232 883 1274 lapis,
910 1232 1009 1273 quod
1032 1232 1238 1265 emendavit
1255 1233 1454 1266 Zachariae.
1495 1232 1694 1278 π(ώ)λ(η)σιν
1710 1235 1845 1268 Mox-dt-

260 1301 381 1333 mann,
406 1291 443 1323 in
469 1291 573 1323 cuius
598 1290 752 1323 lectione
776 1299 860 1322 cum
885 1290 1060 1323 violentia
1083 1291 1296 1323 mutationis
1313 1290 1488 1334 displicet,
1513 1292 1592 1324 tum
1610 1289 1740 1335 βασιλὶς
1756 1292 1843 1325 sub-

260 1349 416 1382 stantive
445 1349 675 1390 usurpatum,
707 1348 766 1380 cui
801 1348 838 1380 in
862 1348 1049 1380 Iustiniani
1073 1347 1230 1381 Novellis
1264 1357 1409 1391 semper
1443 1347 1540 1386 πόλις
1575 1349 1730 1392 additur,
1761 1351 1840 1382 tum

259 1407 414 1448 denique
448 1406 622 1439 articulus
655 1404 739 1449 πρὸς
768 1404 841 1449 τὴν
870 1403 1023 1450 πώλησιν
1047 1407 1191 1448 praeter
1215 1415 1355 1438 morem
1380 1407 1417 1439 et
1441 1407 1655 1440 sententiam
1679 1406 1836 1452 additus.

258 1463 362 1503 Quod
395 1465 522 1496 contra
544 1463 717 1496 ΠΟΛΘΙΝ
750 1462 919 1495 incidisse
949 1462 1223 1504 quadratarium
1253 1463 1314 1496 illa
1343 1465 1460 1497 aetate
1495 1473 1602 1497 nemo
1636 1464 1840 1508 mirabitur,

257 1530 376 1563 neque
399 1521 595 1563 quicquam
622 1521 656 1553 in
674 1520 832 1553 Novellis
858 1520 1081 1562 frequentius
1107 1522 1162 1553 est
1182 1529 1292 1562 quam
1310 1521 1645 1564 Constantinopolin
1668 1521 1730 1567 τὴν
1748 1520 1840 1566 βασι-

258 1577 337 1612 λίδα
366 1577 491 1623 ταύτην
529 1577 626 1611 πόλιν
662 1578 846 1620 appellari.
896 1577 944 1610 Cf.
969 1577 1059 1610 Nov.
1078 1578 1124 1609 111
1149 1587 1312 1620 prooem.
1338 1587 1373 1620 p.
1393 1581 1446 1620 49,
1465 1581 1496 1611 4.
1537 1579 1593 1621 ΠΙ,
1612 1581 1631 1610 2
1657 1588 1692 1621 p.
1711 1582 1765 1622 22,
1784 1581 1839 1613 48.

257 1636 304 1668 VI
329 1646 364 1679 p.
395 1638 448 1679 35,
480 1638 534 1669 25.
579 1635 660 1667 XIV
685 1645 719 1678 p.
739 1638 815 1678 406,
836 1638 888 1668 48.
937 1635 1044 1677 XVII,
1064 1637 1082 1667 3
1108 1644 1142 1677 p.
1164 1638 1239 1678 449,
1259 1638 1311 1668 47.
1357 1636 1416 1668 XL
1446 1645 1610 1678 prooem.
1635 1645 1669 1679 p.
1689 1639 1766 1679 259,
1787 1640 1839 1671 44.

257 1695 282 1726 L
307 1703 341 1736 p.
362 1695 438 1736 294,
458 1696 487 1726 8.
540 1693 646 1725 LXIII
672 1702 833 1735 prooem.
860 1702 894 1735 p.
913 1695 989 1735 334,
1008 1695 1039 1725 7.
1066 1695 1119 1725 42.
1238 1695 1280 1725 43
1315 1693 1441 1726 Cilices
1466 1695 1660 1736 propterea
1683 1695 1838 1727 clemen-

256 1752 328 1784 tius
354 1751 479 1784 haberi
504 1760 616 1793 quam
642 1751 730 1784 alios
755 1751 994 1792 navigatores,
1019 1750 1105 1792 quia
1129 1758 1173 1782 ex
1199 1750 1257 1783 illa
1281 1751 1470 1792 provincia
1494 1752 1690 1794 praecipue
1705 1753 1837 1785 nautae

257 1809 381 1842 classis
417 1809 676 1851 imperatoriae
711 1808 893 1841 conscribi
923 1808 1019 1841 soliti
1044 1808 1125 1851 sint,
1151 1807 1321 1841 observat
1343 1809 1583 1842 Mordtmann.
1712 1811 1752 1843 44
1787 1810 1835 1843 Cf.

255 1868 329 1899 not.
349 1869 379 1899 7.
499 1869 540 1899 45
572 1866 637 1899 Hic
668 1867 825 1908 intellegi
855 1866 1001 1899 videtur
1025 1866 1055 1898 is
1080 1874 1189 1908 quem
1214 1866 1248 1898 F.
1267 1866 1416 1899 Hultsch
1442 1867 1499 1900 Gr.
1525 1876 1560 1900 u.
1586 1870 1678 1900 ro'm.
1703 1868 1836 1900 Metro-

254 1924 347 1965 logie
372 1932 407 1965 p.
426 1925 484 1956 344
505 1933 582 1966 sqq.
615 1924 735 1957 follem
766 1924 1009 1956 monetarium
1041 1923 1145 1966 dicit,
1181 1923 1204 1956 i.
1222 1932 1251 1956 e.
1278 1932 1450 1957 nummus
1483 1928 1616 1958 aeneus
1653 1925 1716 1966 qui
1751 1911 1834 1958 inde

254 1980 299 2013 ab
325 1981 452 2013 Iuliani
484 1982 713 2023 Imperatoris
746 1982 861 2014 aetate
894 1981 1179 2014 ducentesimam
1205 1980 1596 2023 duodenonagesimam
1623 1982 1729 2014 solidi
1752 1991 1834 2024 par-

254 2039 328 2071 tem
359 2038 512 2070 valebat.
562 2039 630 2071 Sex
665 2038 766 2072 folles
803 2039 913 2080 igitur
949 2038 1098 2071 dimidia
1122 2046 1206 2080 pars
1231 2038 1382 2080 siliquae
1408 2038 1490 2079 (not.
1510 2038 1564 2080 24)
1590 2041 1687 2072 sunt.
1734 2039 1833 2072 Cete-

254 2104 336 2128 rum
374 2104 613 2137 unaquaeque
637 2097 737 2129 navis
768 2096 978 2129 tantundem
1010 2095 1148 2138 pendit,
1186 2095 1263 2128 sive
1297 2095 1378 2137 plus
1409 2096 1486 2128 sive
1511 2097 1630 2129 minus
1655 2097 1832 2130 mercium

250 2153 358 2195 vehit,
384 2153 421 2185 id
446 2153 545 2194 quod
568 2154 604 2185 in
629 2154 793 2195 portorio
819 2154 967 2196 quidem
991 2154 1191 2196 permirum
1216 2154 1321 2196 esset,
1346 2153 1455 2186 huius
1471 2162 1558 2187 vero
1583 2154 1724 2196 generis
1749 2163 1832 2188 vec-

252 2209 352 2251 tigali
389 2209 442 2250 (cf.
478 2212 551 2242 not.
582 2210 611 2251 9)
650 2211 1072 2244 accommodatissimum
1107 2212 1171 2243 est.
1341 2213 1384 2243 46
1416 2211 1596 2244 sextarios
1634 2212 1719 2245 vini.
1779 2212 1829 2246 Cf.

251 2267 285 2300 F.
306 2267 459 2299 Hultsch
476 2267 534 2300 Gr.
551 2276 586 2299 u.
604 2271 694 2301 rom.
713 2264 922 2311 Metrologie
937 2278 972 2311 p.
991 2271 1055 2301 403
1070 2277 1148 2311 sqq.
1266 2270 1307 2300 47
1339 2267 1434 2301 Cave
1450 2269 1518 2302 hac
1542 2269 1697 2302 nominis
1714 2269 1830 2303 forma

251 2324 413 2357 abutaris
438 2324 484 2357 ad
508 2324 766 2358 defendendam
791 2326 961 2359 ficticiam
985 2326 1137 2359 formam
1163 2322 1287 2369 ὄσπρον
1313 2325 1370 2358 vel
1394 2323 1546 2370 ὄσπρεον.
1586 2325 1678 2359 Nam
1702 2327 1830 2369 utique

251 2383 338 2414 tunc
362 2393 385 2425 η
416 2383 708 2423 pronuntiatione
740 2384 813 2416 iam
843 2384 879 2416 in
904 2389 918 2416 ῖ
947 2383 1093 2426 abierat,
1129 2384 1170 2415 ut
1199 2381 1381 2429 ὀσπριηγός
1412 2383 1541 2416 eodem
1571 2384 1828 2417 contractionis

249 2448 378 2481 genere
402 2439 439 2471 in
464 2437 634 2484 ὀσπρηγός
660 2440 785 2483 abiret,
811 2451 884 2483 quo
903 2444 978 2474 πεῖν
997 2450 1041 2474 ex
1057 2443 1155 2483 πιεῖν,
1180 2439 1310 2485 κυρεία,
1334 2442 1488 2484 ταμεῖον,
1513 2438 1607 2486 ὑγεία
1623 2449 1668 2474 ex
1682 2439 1826 2486 κυριεία,

247 2498 413 2541 ταμιεῖον,
451 2493 558 2541 ὑγίεια
594 2498 674 2530 nata
713 2500 807 2531 sunt.
973 2501 1013 2531 48
1048 2498 1096 2532 Cf.
1133 2498 1275 2540 Corpus
1313 2498 1425 2531 Gloss.
1451 2498 1525 2530 Lat.
1562 2497 1616 2530 ed.
1655 2497 1763 2531 Goetz
1795 2499 1826 2530 II

250 2562 284 2596 p.
305 2556 381 2596 358,
400 2555 457 2585 48:
490 2551 628 2598 λάρῧος·
659 2552 811 2588 laridus.
860 2555 954 2588 Alibi
987 2564 1072 2589 sane
1096 2556 1164 2588 hoc
1196 2555 1415 2588 adiectivum
1440 2554 1539 2597 quod
1571 2554 1683 2588 sciam
1708 2564 1826 2598 neque

249 2611 286 2643 in
311 2610 456 2643 Graecis
481 2619 597 2652 neque
620 2611 657 2643 in
680 2612 814 2645 Latinis
839 2613 967 2646 litteris
993 2613 1143 2646 obvium
1168 2614 1232 2655 est,
1258 2612 1320 2645 sed
1337 2621 1450 2644 unum
1467 2613 1637 2644 neutrum
1662 2610 1825 2647 laridwm

250 2668 477 2701 substantive
504 2669 732 2710 usurpatum.
781 2669 872 2706 Quid
906 2671 953 2702 sit
978 2670 1192 2703 brevissime
1216 2669 1364 2712 exponit
1394 2668 1548 2703 Macrob.
1580 2670 1649 2702 Sat.
1678 2669 1751 2712 VII,
1781 2672 1822 2702 42

247 2724 358 2760 salita
381 2735 491 2760 earne
513 2735 624 2769 quam
647 2724 809 2759 laridum
832 2737 1010 2761 vocamus.
1052 2728 1218 2761 Ceterum
1243 2735 1426 2770 syncopen
1450 2727 1523 2759 iam
1547 2727 1584 2759 in
1601 2728 1724 2761 Latino
1749 2717 1858 2760 ser-‘¹

246 2793 355 2816 mone
377 2784 656 2816 usitatissimum
682 2783 802 2826 fuisse,
836 2785 955 2826 primo
982 2786 1079 2827 apud
1103 2787 1229 2828 poetas
1261 2785 1390 2826 (Horat.
1409 2785 1479 2817 Sat.
1496 2784 1535 2827 11,
1555 2787 1585 2827 6,
1605 2788 1646 2818 85
1670 2795 1822 2819 semesa-

245 2849 314 2883 que
336 2839 437 2874 lardi
457 2839 578 2884 frusta
600 2839 704 2874 dedit.
747 2841 846 2874 Ovid.
864 2842 954 2874 Fast.
973 2842 1029 2884 VI,
1050 2845 1114 2875 469
1134 2840 1296 2887 pinguia
1319 2852 1385 2876 our
1407 2839 1483 2875 illis
1503 2844 1693 2885 qustentur
1715 2841 1821 2877 larda

245 2895 428 2941 calendis),
453 2900 580 2941 postea
605 2899 713 2932 etiam
737 2900 772 2931 in
798 2898 957 2941 pedestri
984 2900 1145 2932 oratione
1170 2902 1297 2933 notum
1323 2901 1387 2933 est.
