1858 3126
255 159 337 198 464
435 157 523 188 VIII.
561 156 707 198 Imperii
733 156 883 188 Romani
907 156 1118 198 provinciae
1143 156 1347 189 orientales.
1397 160 1428 190 9.
1453 156 1652 200 Aegyptus.
1714 157 1840 200 [722—

367 292 690 348 λογιστεύοντος7
715 292 784 334 καὶ
813 293 1095 349 ἐπικειμένο[υ]
1127 292 1132 350 Ι
1165 299 1221 349 τῷ
1242 293 1441 336 κτισθέντι
1465 294 1699 351 τετραπύλῳ
1726 294 1837 336 Φλοι-

369 362 480 404 ουίου
514 361 518 417 Ι
551 360 689 418 Κύρου
719 363 1067 418 πολιτευομένουθ,
1101 360 1160 405 ἐπ’
1191 363 1336 419 ἀγαθῷ
1349 364 1377 405 ⁹.

250 490 391 522 Aelium
429 489 585 521 discerni
630 489 675 522 ab
713 489 879 531 Olympio
918 489 1074 521 Palladio
1111 488 1367 531 Samosatensi,
1407 489 1471 532 qui
1507 491 1590 522 ante
1626 498 1711 522 eum
1747 490 1836 522 item

249 548 454 589 Aegyptum
482 547 772 580 administrasset
798 546 892 587 (ibid.
919 555 952 588 p.
972 548 1013 579 45
1041 555 1075 581 η.
1092 546 1194 578 XLII.
1220 547 1350 588 XLIII).
1400 546 1455 579 Ad
1485 548 1612 579 utrum
1636 547 1835 580 Palladium

250 604 335 637 Cod.
363 605 494 636 Theod.
513 604 601 646 VIII,
622 608 652 646 5,
678 607 717 636 37
749 605 897 646 spectet,
929 603 999 636 sibi
1031 613 1101 636 non
1134 604 1273 645 liquere
1306 604 1438 636 fatetur
1466 603 1719 638 Wachsmuth.
1768 604 1836 636 Sed

250 662 347 703 apud
372 663 557 694 Socratem
577 662 659 693 hist.
677 661 764 694 eccl.
782 661 839 702 lv,
857 663 893 692 24
926 662 961 692 et
986 661 1021 692 in
1039 661 1227 702 Excerptis
1246 661 1364 693 latinis
1381 660 1528 694 barbari
1545 660 1686 702 (Euseb.
1704 661 1834 694 Chron.

248 719 302 752 ed.
328 720 488 751 Schoene
513 719 526 750 I
552 727 585 760 p.
601 721 678 759 238,
699 721 739 750 62
754 717 784 760 b,
804 718 834 758 4)
860 718 896 750 in
927 718 1131 763 narrati0ne
1157 717 1200 750 de
1225 718 1335 751 rebus
1360 720 1444 760 post
1467 718 1652 751 Athanasii
1677 720 1835 751 mortem

248 776 358 818 gestis
385 775 574 808 manifesto
600 776 701 807 illum
726 771 939 808 ‘tonsorem’
964 775 1121 816 intellegi
1146 774 1291 807 iudicat.
1412 779 1429 807 7
1461 775 1589 808 Utrum
1611 784 1699 808 cura
1724 775 1834 808 huius

249 834 411 866 officialis
443 834 488 866 ad
521 833 783 865 commercium
817 833 1006 865 hominum
1036 834 1072 864 et
1103 833 1356 864 vehiculorum
1392 841 1458 874 per
1488 833 1577 865 illud
1610 833 1835 875 tetrapylum

247 892 512 924 transeuntium
543 899 589 922 an
621 890 666 922 ad
692 890 798 922 aliam
830 898 906 921 rem
933 890 1153 931 spectaverit
1186 898 1224 922 se
1255 889 1438 931 ambigere
1469 890 1661 932 profitetur
1682 889 1835 922 Wachs-

248 948 361 980 muth.
411 949 443 980 Is
476 948 586 988 igitur
618 948 769 989 propter
799 947 1033 988 participium
1066 947 1191 978 aoristi
1219 944 1412 983 κτισθέντος
1445 947 1534 980 haec
1558 947 1763 980 necessarIo
1788 946 1834 979 ad

246 1015 287 1038 ea
312 1014 406 1047 quae
430 1006 502 1037 iam
527 1004 686 1047 perfecto
711 1004 875 1036 aedificio
902 1003 993 1036 iacta
1017 1004 1089 1036 sint
1113 1003 1299 1036 referenda
1315 1004 1509 1037 existimat.
1549 1003 1618 1036 Sed
1641 1012 1726 1036 cum
1751 1012 1834 1046 par-

245 1063 411 1104 ticipium
436 1071 507 1094 non
533 1062 708 1094 enuntiati
731 1061 942 1103 temporalis
967 1062 1066 1093 vices
1092 1063 1202 1102 gerat,
1233 1061 1296 1093 sed
1322 1061 1473 1094 articulo
1505 1061 1628 1094 addito
1654 1061 1700 1094 ad
1724 1063 1834 1094 tetra-

245 1120 372 1162 pylum
398 1119 641 1151 definiendum
666 1120 815 1160 spectet,
850 1118 938 1150 nihil
962 1118 1115 1160 Impedit
1138 1118 1335 1159 quominus
1360 1118 1405 1151 de
1428 1118 1547 1160 ipsIus
1572 1117 1834 1151 aedificationis

245 1178 419 1218 regimine
442 1178 723 1218 interpretemur
740 1176 853 1208 verba
877 1175 983 1208 tituli.
1019 1175 1145 1217 Neque
1169 1173 1422 1220 λογιστεύοντος
1445 1174 1504 1208 καὶ
1520 1174 1733 1220 ἐπικειμένου
1759 1175 1832 1208 duo

245 1235 400 1267 discreta
419 1233 538 1266 officia
555 1233 755 1275 significare
772 1234 951 1275 videntur,
970 1234 1033 1266 sed
1051 1242 1165 1265 unum
1184 1233 1353 1275 idemque
1370 1233 1529 1266 hominis
1545 1234 1610 1275 qui
1625 1233 1833 1275 redempto-

244 1300 302 1324 res
330 1291 503 1324 observet
528 1293 563 1323 et
589 1299 681 1332 opus
706 1291 888 1324 examinet
913 1290 1126 1332 probetque,
1152 1292 1194 1322 ut
1217 1291 1287 1332 ipsi
1305 1291 1470 1323 omnium
1487 1299 1581 1332 quae
1606 1290 1644 1323 in
1668 1289 1833 1331 aedifica-

243 1349 341 1381 tione
372 1349 544 1390 gerantur
576 1349 668 1381 ratio
705 1347 824 1392 (λόγος)
859 1348 905 1380 ab
939 1348 1009 1380 illis
1042 1348 1227 1380 reddenda
1257 1348 1313 1380 sit.
1362 1347 1491 1389 Utique
1528 1347 1572 1380 de
1610 1347 1740 1389 logista
1773 1347 1831 1380 vel

243 1407 414 1439 curatore
438 1405 658 1447 reipublicae
685 1406 727 1444 (n.
749 1404 844 1445 4922)
871 1405 930 1437 hic
954 1414 1024 1437 non
1044 1405 1115 1437 dici
1132 1406 1168 1437 in
1186 1404 1384 1447 propatulo
1402 1406 1468 1437 est.
1587 1407 1606 1436 8
1639 1404 1697 1437 Sic
1712 1403 1831 1446 Milne,

243 1472 327 1495 cum
358 1463 498 1504 reliqua
539 1463 746 1504 apographa
777 1463 1214 1495 ΠΟΛΘΙΤΘΥΟΜΕΝΟΥ
1245 1461 1448 1494 exhibeant.
1504 1461 1696 1494 Civitatem
1727 1460 1831 1494 urhis

244 1520 453 1561 Mempheos
478 1520 598 1552 Flavio
625 1520 718 1561 Cyro
744 1519 856 1552 tribui
880 1521 978 1551 recte
1006 1519 1143 1551 iudicat
1166 1518 1417 1551 Wachsmuth.
1465 1517 1556 1551 Nam
1581 1518 1682 1560 quod
1706 1518 1832 1551 Kirch·

243 1577 373 1609 hosfius
398 1575 570 1609 Φλαουίου
598 1577 607 1617 [
609 1593 782 1600 --------
793 1602 800 1618 ,
825 1579 885 1608 τοῦ
907 1576 979 1620 τῆς]
1009 1574 1014 1619 Ι
1041 1573 1159 1620 Κύρου
1184 1574 1466 1619 πολειτευομένου
1492 1575 1638 1618 supplet
1662 1577 1699 1607 et
1720 1575 1831 1608 decu-

241 1635 382 1666 rionem
417 1634 575 1666 civitatis
601 1634 730 1675 Cyrrhi
755 1634 990 1675 Ephratesiae
1021 1634 1291 1675 interpretatur,
1323 1632 1359 1665 ld
1390 1641 1473 1665 cum
1505 1633 1585 1666 aliis
1617 1631 1830 1666 nominihus

241 1691 484 1734 improbabile
509 1693 563 1723 est
590 1692 666 1723 tum
692 1691 777 1732 quia
794 1699 942 1722 versum
964 1693 1003 1722 42
1025 1691 1206 1732 integrum
1223 1699 1302 1723 esse
1319 1689 1629 1723 consenttentibus
1645 1689 1830 1732 exempla-

242 1750 337 1781 rium
362 1748 550 1781 Ebersiani
574 1750 610 1780 et
634 1748 813 1780 Milneiani
837 1748 1056 1780 testimoniis
1082 1748 1327 1780 confirmatur.
1446 1749 1465 1779 9
1497 1745 1546 1780 Cf.
1571 1756 1604 1779 u.
1625 1746 1724 1780 699⁶.

327 1947 414 1990 723
463 1950 507 1988 In
551 1952 669 2002 parte
714 1961 860 1989 aversa
904 1960 1000 1988 arae
1046 1949 1159 1988 cuius
1205 1948 1318 1987 frons
1359 1947 1484 1987 hahet
1528 1945 1850 2010 dedicationem}

239 2018 324 2056 Iulii
370 2018 457 2056 Fidi
492 2018 658 2069 Aquilae
703 2030 741 2057 n.
776 2016 871 2056 700.
938 2018 1108 2056 Inventa
1149 2016 1409 2068 Antinoupoli
1452 2011 1848 2067 (Seheek-Abdde),⁵‘

240 2088 374 2124 exstat
402 2086 443 2124 in
474 2098 614 2125 museo
647 2087 787 2138 oppidi
820 2084 945 2126 δαίνυ
975 2098 1012 2125 11.
1039 2085 1163 2125 9274.
1214 2085 1284 2124 Ed.
1319 2084 1359 2124 C.
1382 2083 1579 2123 Wescher
1607 2075 1846 2123 Bullettino†{

239 2151 328 2193 dell'
350 2154 533 2193 instituto
555 2155 664 2193 arch.
689 2155 804 2194 Rom.
832 2155 940 2194 4866
971 2167 1012 2207 p.
1039 2154 1132 2193 ⁴50.
1184 2154 1243 2192 De
1273 2156 1511 2205 argumento
1538 2152 1642 2192 tituli
1662 2143 1845 2203 egregie)

239 2223 460 2274 disputavit
487 2223 558 2262 Th.
574 2224 799 2262 Mommsen
826 2224 921 2263 ibid.
939 2223 1090 2275 >p.238.
1143 2223 1249 2262 Illius
1271 2222 1420 2274 prioris
1444 2221 1631 2260 editionis
1654 2221 1750 2272 igne
1811 2222 1821 2277 J³
1843 2240 1846 2243 ·

237 2293 270 2330 J.
301 2292 346 2331 G.
376 2292 507 2342 Milne,
553 2291 586 2329 A
628 2291 788 2342 history
832 2292 878 2330 of
914 2293 1046 2344 Egypt
1085 2291 1119 2329 V
1154 2291 1294 2330 Under
1337 2291 1496 2330 Roman
1535 2290 1621 2329 rule
1665 2301 1706 2342 p.
1737 2276 1831 2350 ⁴⁹⁸5,

237 2373 274 2399 n.
302 2361 352 2398 46
370 2358 394 2398 b
425 2360 627 2412 expressit
657 2361 888 2411 exemplum
918 2361 983 2399 illo
1013 2359 1303 2399 Wescheriano
1333 2360 1459 2398 multo
1490 2358 1623 2397 minus
1653 2363 1831 2415 accurs-⁶,

236 2431 335 2467 tum.
388 2427 446 2467 Cf.
480 2428 679 2479 Seymour
699 2428 748 2466 de
771 2428 878 2467 Ricci
907 2428 1057 2467 Archiv
1078 2429 1144 2467 fiir
1165 2426 1577 2480 Papyrusforschung
1605 2426 1642 2464 11
1669 2438 1710 2478 p.
1735 2424 1787 2464 45
1816 2456 1831 2466 ,-

236 2508 274 2534 n.
300 2497 367 2535 95.

1842 2549 1858 2581 ’ἲ

350 2606 454 2654 Τοὺς
483 2611 553 2663 τῆς
585 2604 646 2663 ὑφ’
673 2607 778 2663 ἡλίῳ
807 2611 881 2663 γῆς
906 2605 1216 2662 αὐτοκράΙτορας
1236 2606 1305 2648 καὶ
1335 2603 1652 2662 τροτιεοιιούχους1
1674 2605 1816 2647 δεσπό-

348 2692 418 2723 τας
452 2674 457 2732 Ι
488 2677 602 2731 ἡμῶν
634 2673 976 2728 Οὐαλεντινιανόν,
1016 2674 1244 2728 Θεοδόσιον,
1280 2672 1284 2730 Ι
1314 2671 1557 2730 Ἀρκάδιονῖ,
1594 2671 1686 2720 τοὺς
1717 2673 1815 2715 αἰω-

326 2804 480 2836 Litterae
506 2797 753 2837 &ht-:eneam
871 2804 884 2833 4
924 2801 974 2835 Cf.
999 2811 1032 2834 n.
1051 2800 1149 2834 7221.
1267 2802 1286 2832 2
1318 2800 1460 2832 Titulus
1485 2807 1603 2842 neque
1627 2807 1720 2832 anno
1746 2801 1811 2831 38³

233 2870 267 2903 p.
283 2861 375 2903 Cbr.,
401 2870 474 2902 quo
499 2861 689 2893 Gratianus
715 2860 806 2893 obiit
828 2861 865 2892 et
888 2858 1063 2892 Arcadius
1086 2858 1270 2900 Augustus
1294 2858 1501 2890 nominatus
1525 2857 1591 2899 est,
1616 2856 1811 2898 antiquior,

232 2927 349 2960 neque
374 2927 461 2950 nece
486 2918 723 2950 Valentiniani
749 2918 778 2949 11
804 2918 881 2958 (392
906 2925 940 2959 p.
960 2916 1041 2949 Chr.
1059 2915 1105 2956 n.)
1130 2915 1308 2948 recentior
1332 2916 1396 2947 est.
1427 2915 1645 2955 Mommsen.
1790 2931 1858 3126 ί
