1858 3126
1002 379 1077 425 IX.

890 487 1183 555 Appendix.

333 613 418 657 724
462 617 640 656 Marmor
687 616 917 668 candidum,
962 617 1173 656 inventum
1217 618 1371 658 incerto
1409 618 1582 672 Aegypti
1623 619 1824 660 inferioris

245 686 347 738 loco,
370 688 505 725 exstat
523 685 792 725 Alexandriae
812 684 853 723 in
873 695 1026 724 museo.
1072 685 1142 724 Ed.
1176 685 1221 725 G.
1246 687 1353 726 Botti
1374 686 1591 740 Catalogue
1611 688 1667 728 du
1686 690 1824 729 musee

245 752 531 794 d'Alexandrie
552 754 576 794 2
608 765 647 793 n.
667 751 763 792 570.
815 753 985 793 Bulletin
1007 752 1315 807 archeologique
1337 752 1618 796 d'Alexandrie
1639 757 1692 797 IV
1714 756 1822 797 ⁴902

243 835 283 875 p.
308 823 361 863 62
395 822 458 875 (M.
481 823 524 861 L.
547 822 693 863 Strack
722 821 872 861 Archiv
903 821 969 861 fiir
989 823 1401 876 Papyrusforschung
1421 825 1456 864 11
1484 837 1525 878 p.
1548 824 1631 865 539
1662 837 1701 865 n.
1725 823 1778 879 5).

350 931 475 991 Ὑπὲρ
505 935 703 991 βασιλέως
735 933 989 990 Πτολεμαίου
1022 933 1027 989 Ι
1059 932 1128 976 καὶ
1152 931 1358 991 Ἀρσινόης
1378 935 1667 993 Φιλαδέλφου1
1698 935 1704 993 Ι
1736 936 1823 978 Σω-

357 1005 516 1059 τὴρων2
545 1003 753 1050 Διονύσιος
785 1000 1042 1059 Ποτάμωνος.

335 1133 348 1163 Α
386 1131 490 1163 Brevi
527 1132 611 1172 post
646 1131 802 1162 mortem
838 1128 1008 1163 Arsinoes
1044 1129 1121 1170 (270
1154 1139 1185 1162 a.
1209 1129 1302 1171 Chr.)
1343 1130 1435 1163 haec
1468 1131 1606 1173 scripta
1638 1132 1824 1165 existimat

241 1188 383 1228 Strack;
409 1196 522 1229 quare
547 1187 734 1220 auctorem
759 1186 856 1219 tituli
879 1186 1070 1219 etlamtum
1096 1187 1276 1219 incertum
1301 1186 1346 1220 de
1362 1186 1495 1220 divinis
1510 1187 1681 1222 Arsinoes
1705 1188 1822 1222 hono-

239 1244 342 1277 ribus
367 1244 490 1286 fuisse,
520 1245 571 1276 ita
594 1244 637 1276 ut
661 1243 939 1285 appellationem
964 1241 1047 1280 θεᾶς
1079 1244 1274 1276 omitteret.
1322 1243 1368 1276 At
1391 1244 1426 1277 id
1452 1244 1568 1278 multo
1597 1244 1737 1278 facilius
1760 1253 1823 1278 ex-

239 1301 375 1344 pedias,
400 1302 432 1334 si
455 1301 690 1343 superstitem
715 1301 875 1342 reginam
900 1299 1012 1333 fuisse
1036 1309 1109 1342 quo
1134 1302 1299 1343 tempore
1323 1302 1601 1334 monumentum
1624 1302 1823 1349 erigeretur

238 1360 389 1392 statuas.
437 1358 563 1400 Neque
587 1358 631 1391 de
655 1367 698 1391 ea
721 1367 760 1390 re
785 1357 943 1391 dubitari
968 1357 1063 1400 licet,
1093 1357 1388 1400 quandoquidem
1412 1358 1634 1401 praepositio
1661 1356 1745 1405 ὑπὲρ
1769 1360 1823 1392 iu-

239 1417 334 1449 dicio
359 1417 426 1458 est,
451 1424 519 1458 pro
545 1415 661 1448 salute
685 1415 880 1448 Ptolemaei
912 1416 948 1447 et
971 1415 1097 1448 uxoris
1126 1415 1197 1448 hoc
1230 1423 1324 1457 opus
1349 1415 1519 1458 dedicari,
1551 1415 1588 1448 id
1618 1415 1719 1458 quod
1747 1425 1822 1449 non

238 1465 335 1506 cadit
358 1473 479 1505 hercle
503 1473 540 1505 in
558 1472 776 1506 defunctam.
818 1471 1024 1514 Cognomen
1050 1469 1264 1517 Φιλάδελφος
1288 1481 1376 1505 vero
1400 1473 1480 1505 tum
1504 1472 1652 1506 demum
1676 1473 1821 1515 reginae

239 1530 376 1572 datum,
403 1538 487 1562 cum
513 1538 615 1562 sacra
640 1530 718 1562 eius
743 1530 1051 1562 constituerentur
1074 1530 1251 1571 mortuae,
1281 1529 1465 1562 Strackius
1491 1530 1649 1572 sumpsit
1671 1529 1819 1572 quidem

238 1595 355 1629 neque
380 1595 467 1619 vero
492 1586 672 1628 probavit.
722 1586 771 1619 Cf.
797 1586 905 1619 Vol.1
930 1595 965 1628 p.
984 1588 1062 1619 648.
1108 1585 1214 1620 Nulla
1245 1586 1356 1628 igitur
1379 1582 1425 1619 e'x
1448 1587 1551 1629 parte
1576 1586 1729 1620 dubium
1753 1589 1820 1629 est,

237 1644 326 1686 quin
349 1644 442 1676 intra
467 1652 645 1676 annorum
670 1645 850 1675 274—270
878 1652 908 1676 a.
926 1643 1006 1676 Chr.
1033 1644 1192 1685 spatium
1217 1643 1287 1676 hoc
1311 1645 1588 1677 monumentum
1612 1643 1819 1677 dedicatum

238 1702 296 1735 sit.
413 1703 433 1732 2
464 1700 508 1733 Et
531 1701 590 1733 hic
620 1702 656 1732 et
680 1709 714 1733 n.
739 1702 815 1742 725,
841 1702 858 1731 3
884 1701 916 1732 si
948 1700 1030 1742 quis
1055 1701 1301 1734 Ptolemaeum
1326 1701 1410 1743 Lagi
1434 1700 1456 1734 f.
1481 1701 1634 1743 eiusque
1666 1709 1819 1734 uxorem
1855 1727 1858 1743 2

237 1759 433 1791 Berenicen
455 1758 648 1799 intellegat,
671 1758 714 1789 ut
737 1758 887 1798 paterna
912 1757 1104 1789 Ptolemaei
1129 1757 1351 1799 Philadelphi
1378 1759 1415 1790 et
1437 1757 1608 1792 Arsinoes
1633 1758 1735 1800 origo
1759 1766 1822 1800 ge-
1852 1775 1858 1832 l

238 1817 359 1849 netivo
385 1815 431 1848 ab
455 1815 602 1848 illorum
625 1813 833 1847 nominibus
850 1813 1028 1856 pendente
1052 1813 1242 1857 indicetur,
1267 1814 1304 1847 id
1328 1815 1433 1856 plane
1449 1814 1565 1848 refelli.
1581 1815 1728 1857 quidem
1745 1823 1819 1848 non
1852 1833 1858 1865 4

237 1874 363 1916 possit,
395 1873 568 1914 quoniam
600 1871 678 1905 sola
710 1871 904 1913 appellatio
930 1868 1086 1915 Σωτῆρες
1115 1871 1194 1903 sine
1223 1871 1431 1904 nominibus
1469 1872 1627 1914 propriis
1657 1872 1752 1914 regis
1780 1873 1817 1904 et
1852 1864 1858 1873 ⁵

236 1931 380 1972 reginae
402 1931 513 1962 etiam
536 1938 571 1962 n.
589 1931 644 1971 22,
663 1931 675 1960 Ι
708 1929 760 1961 sic
783 1929 942 1970 ponitur.
989 1927 1058 1960 Sed
1082 1927 1196 1960 multo
1228 1928 1350 1961 minus
1373 1927 1568 1961 artificiose
1591 1930 1628 1961 et
1651 1930 1816 1962 contorte

236 1989 357 2020 tamen
382 1986 495 2019 verba
523 1987 663 2019 structa
695 1994 775 2018 esse
806 1985 927 2027 quivis
957 1984 1142 2027 concedet,
1174 1985 1205 2017 si
1235 1981 1403 2029 Σωτήρων
1433 1985 1671 2027 appositionis
1692 1985 1814 2018 locum

234 2047 357 2076 tenere
382 2045 417 2076 et
442 2044 488 2076 ad
512 2043 785 2085 Philadelphum
807 2042 1058 2084 ArsinoEnque
1082 2041 1207 2074 referri
1230 2042 1445 2083 statuamus,
1470 2050 1563 2083 quos
1586 2041 1657 2074 hoc
1680 2050 1817 2083 cogno-

235 2101 332 2133 mine
357 2101 477 2133 ornari
501 2109 588 2132 sane
612 2101 755 2141 praeter
779 2100 846 2131 hos
870 2099 962 2132 duos
987 2099 1111 2132 titulos
1135 2107 1315 2140 nusquam
1340 2098 1518 2132 videmus.

1846 2213 1858 2235 st.

321 2257 406 2300 725
447 2260 528 2298 Ara
557 2260 721 2298 inventa
749 2259 790 2296 in
812 2243 987 2310 Serapeo
1007 2259 1273 2298 Alexandriae
1303 2259 1472 2311 pristino
1494 2260 1704 2299 etiamtum
1722 2249 1813 2300 loco'
1844 2258 1855 2304 i

234 2330 380 2382 posita,
404 2330 539 2368 exstat
558 2327 707 2366 ibidem
727 2326 768 2365 in
792 2338 945 2366 muse0.
984 2327 1055 2366 Ed.
1078 2327 1128 2366 M.
1144 2327 1340 2367 L.Strack
1359 2327 1510 2368 Archiv
1524 2328 1591 2367 fiir
1605 2328 1811 2380 Papyrus-
1843 2306 1854 2367 ἶ

236 2398 457 2449 forschung
486 2396 538 2435 [Π
567 2409 607 2448 p.
634 2395 713 2435 ⁴26
746 2402 784 2434 n.
811 2395 848 2434 ⁴.
1828 2366 1855 2507 ,-

348 2507 559 2554 Βασιλέως
599 2505 876 2561 Πτολεμαίουί
919 2506 925 2562 1
966 2504 1033 2548 καὶ
1068 2504 1271 2563 Ἀρσινόης
1310 2508 1610 2564 Φιλαδέλφουῧ,
1652 2507 1657 2563 Ι
1703 2474 1851 2647 &effug

348 2577 545 2632 Σωτήρων
556 2578 582 2616 ³.
1815 2611 1858 2676 {A

326 2706 338 2735 ⁴
375 2703 600 2735 Ptolemaeus
631 2702 660 2733 11
693 2700 945 2742 Philadelphus
977 2701 1166 2741 (285—247
1192 2709 1222 2732 a.
1249 2700 1330 2732 chr.
1353 2701 1409 2741 n.).
1543 2703 1562 2732 2
1595 2700 1746 2734 Arsinoe
1775 2664 1843 2742 112}

233 2770 337 2794 soror
359 2761 500 2793 uterina
526 2759 720 2791 Ptolemaei
746 2758 976 2800 Philadelphi,
1010 2766 1101 2799 quae
1125 2757 1225 2790 fratri
1250 2758 1372 2799 nupsit
1402 2765 1494 2790 anno
1519 2758 1584 2789 274
1611 2767 1641 2790 a.
1660 2757 1742 2791 Chr.
1760 2741 1841 2800 aff}

233 2818 399 2850 defuncta
424 2818 479 2849 est
503 2826 532 2849 a.
552 2819 629 2848 270.
671 2815 735 2848 Hic
765 2824 912 2857 quoque
943 2814 1069 2847 titulus
1093 2814 1287 2856 superstite
1313 2814 1434 2854 regina
1458 2815 1626 2847 exaratus
1650 2791 1842 2866 videmini}

234 2877 251 2906 a
287 2874 335 2907 cr.
362 2883 395 2907 n.
416 2873 516 2906 7242.
1828 2860 1841 2923 ξ
