1858 3126
186 107 269 160 358
409 116 499 150 v111.
536 117 685 159 Imperii
707 116 859 150 Romani
882 117 1095 159 provinciae
1118 117 1321 151 orientales.
1368 119 1402 151 ’1.
1425 118 1539 160 Syria.
1641 118 1767 162 [650—
1841 116 1843 118 ’

184 256 351 288 Zosimus
375 256 401 297 Ι,
422 258 476 298 60,
494 257 525 287 2.
553 257 606 296 64,
626 257 656 288 43
687 252 706 287 ὁ
730 253 768 287 δὲ
794 254 1030 296 (Marcellinus
1054 255 1335 296 Mesopotamiae
1365 263 1523 298 praeses,
1554 264 1664 298 quem
1687 256 1766 290 Pal-

186 313 328 355 myreni
358 311 600 345 sollicitabant
623 312 666 344 ut
688 311 734 345 ab
756 311 948 345 Aureliano
972 311 1151 352 deficeret)
1177 310 1393 357 ἀποκρίσεσιν
1415 313 1596 358 χρώμενος
1617 310 1766 357 ἀμφιβό-
1846 338 1852 350 2

183 367 256 406 λοις
291 366 392 406 αὐτὸς
428 367 490 412 μὲν
520 365 730 414 Αὐρηλιανῷ
762 367 800 402 τὸ
836 366 984 413 σκεφθὲν
1020 367 1243 413 κατεμήνυσε,
1278 366 1503 415 Παλμυρηνοὶ
1538 368 1577 403 δὲ
1604 365 1764 416 Ἀντιόχῳ
1838 362 1840 365 ’

182 423 379 470 περιθέντες
410 423 574 472 ἁλουργὲς
605 423 738 469 ἱμάτιον
767 424 857 459 κατὰ
885 425 947 470 τὴν
978 423 1165 472 Παλμύραν
1195 424 1303 472 εἶχον.
1342 423 1557 471 Αὐρηλιανὸς
1592 425 1631 460 δὲ
1658 427 1766 460 ταῦτα

181 481 342 528 ἀκηκοὼς
367 480 509 517 αὐτόθεν
534 482 581 521 ὠς
603 479 696 530 εἶχεν
722 480 778 516 ἐπὶ
798 481 861 527 τὴν
888 473 975 529 ἑῴαν
993 481 1181 526 ἐστέλλετο,
1205 481 1409 528 καταλαβὼν
1427 481 1465 516 δὲ
1485 481 1548 528 τὴν
1563 479 1766 528 Ἀντιόχειαν

181 539 239 574 καὶ
272 538 388 574 ἵππων
423 538 572 586 ἁμίλλης
607 537 876 586 ἐπιτελουμένης
910 538 961 585 τῷ
991 538 1091 585 δήμῳ
1129 538 1244 586 φανεὶς
1278 538 1340 574 καὶ
1367 539 1419 586 τῷ
1446 538 1607 585 ἀδοκήτῳ
1637 538 1766 577 πάντας

183 595 356 643 ἐκπλήξας
381 596 437 631 ἐπὶ
458 596 520 642 τὴν
545 594 734 643 Παλμύραν
758 594 916 642 ἤλαυνεν.
945 595 1098 642 ἀμαχητὶ
1123 595 1160 630 δὲ
1182 595 1245 641 τὴν
1270 594 1368 630 πόλιν
1393 595 1482 631 ἑλὼν
1510 595 1570 631 καὶ
1592 595 1767 631 κατασκά·

182 653 248 700 ψας
273 652 352 688 οὐδὲ
375 653 537 701 τιμωρίας
553 650 723 701 Ἀντίοχον
748 652 840 694 ἄξιον
864 653 920 688 διὰ
942 653 1004 698 τὴν
1030 652 1199 687 ευτὲλειαν
1225 652 1315 688 εἶναι
1336 651 1478 698 νομίσας
1501 651 1654 699 ἀφίησιν.
1692 653 1764 686 vit.

180 713 364 746 Aureliani
388 715 442 745 34:
479 710 706 757 Palmyrem',
737 710 804 756 qui
832 710 912 746 iam
940 709 1029 746 victi
1056 713 1160 756 atque
1196 709 1341 745 contusi
1367 708 1528 754 fuerant,
1561 708 1766 746 Aureliano

180 768 285 804 rebus
297 767 571 814 Ewropmsibus
585 771 754 814 occupato
769 779 846 803 mm
860 766 1088 803 mediocriter
1101 767 1342 802 rebellarunt.
1363 765 1632 803 Sandarionem
1651 765 1763 811 enim,

180 837 287 870 quem
309 825 355 861 in
372 825 561 871 praesidio
584 825 663 861 illic
686 825 912 861 Awrelicmus
931 828 1102 870 posuerat
1124 836 1208 860 cum
1230 824 1400 860 sescentis
1422 823 1640 870 saqittamiis,
1672 822 1766 859 occi-
1840 839 1842 841 >

180 883 311 918 dmmt
325 882 483 918 Achilleo
507 882 666 927 cuidam,
686 882 838 927 parenti
851 881 1037 926 Zenobiae,
1057 884 1234 927 parantes
1256 880 1467 926 imperium.
1516 882 1586 915 Sed
1609 890 1695 915 cum
1720 882 1767 915 de

179 942 329 974 nomine
345 942 479 975 Zosimi
502 942 718 974 memoriam
742 941 813 974 fide
837 941 982 982 dignam
1011 949 1090 973 esse
1112 940 1305 973 docuerint
1328 939 1425 972 tituli
1454 942 1532 973 650.
1550 941 1627 982 664,
1650 947 1697 972 ne
1720 939 1766 972 de
1832 963 1850 983 ,-

180 999 396 1040 cognatione
412 998 591 1031 Zenobiae
614 998 764 1040 quidem
788 997 1009 1030 credendum
1032 998 1201 1030 existimo
1226 997 1398 1039 scriptori
1417 997 1525 1039 vitae,
1549 997 1765 1039 praesertim
1833 1002 1835 1006 ’

181 1064 266 1088 cum
290 1056 424 1088 Zosimi
448 1055 561 1089 verba
585 1053 640 1088 διὰ
662 1054 725 1100 τὴν
751 1052 922 1087 εὐτέλειαν
947 1055 1010 1087 vix
1034 1062 1119 1086 cum
1148 1054 1217 1086 hae
1239 1054 1446 1087 narratione
1469 1053 1655 1086 conciliari
1677 1061 1766 1095 pos-

181 1113 263 1145 sint.
302 1112 404 1145 Adde
426 1112 529 1155 quod
552 1112 663 1145 etiam
688 1111 733 1144 de
757 1111 826 1144 alio
843 1111 1002 1153 homine,
1026 1119 1137 1153 quem
1153 1119 1249 1144 unus
1265 1110 1430 1144 Zosimus
1446 1118 1512 1153 per
1528 1110 1607 1144 illas
1623 1111 1767 1152 postre-

180 1178 259 1203 mas
284 1170 441 1203 civitatis
465 1169 701 1211 Palmyrenae
723 1168 853 1201 turbas
876 1170 1153 1210 commemorat,
1185 1168 1374 1210 scriptoris
1397 1167 1487 1200 fides
1509 1166 1640 1210 lapidis
1663 1167 1768 1200 testi·
1828 1198 1831 1199 ⁷

180 1227 305 1260 monio
330 1226 604 1268 comprobatur.
653 1225 703 1259 Cf.
729 1227 808 1259 Zos.
833 1226 858 1268 Ι,
885 1228 938 1268 60,
965 1228 993 1257 4;
1025 1222 1193 1271 ἐχομένου
1219 1223 1258 1257 δὲ
1285 1220 1502 1269 Αὐρηλιανοῦ
1529 1226 1594 1268 τῆς
1623 1222 1679 1257 ἐπὶ
1700 1222 1767 1269 τὴν
1811 1219 1831 1230 ”

178 1280 350 1329 Εὐρώπην
376 1282 468 1326 ὁδοῦ,
491 1281 679 1327 κατέλαβεν
703 1281 843 1328 ἀγγελία
864 1280 1017 1325 τοιαύτη,
1049 1282 1095 1318 ὡς
1124 1285 1192 1314 τῶν
1218 1279 1253 1314 ἐν
1278 1278 1447 1327 Παλμύρᾳ
1468 1278 1763 1326 καταλειφθέντων
1829 1295 1830 1298 “

178 1339 266 1377 τινὲς
289 1336 425 1386 Ἀψαῖον
451 1338 717 1384 παραλαβόντες,
743 1338 780 1377 ὃς
803 1339 862 1373 καὶ
886 1343 955 1373 τῶν
972 1336 1213 1385 προλαβόντων
1237 1336 1353 1375 αὐτοῖς
1377 1336 1512 1383 γέγονεν
1536 1335 1656 1380 αἴτιος,
1680 1335 1766 1370 ἀπε-

180 1402 347 1442 πειρῶντο
371 1394 613 1444 Μαρκελλίνου
637 1396 711 1430 κτλ.
736 1405 822 1430 cum
838 1396 1215 1438 Lebas-Waddington
1238 1396 1348 1428 Inscr.
1364 1395 1423 1438 111,
1440 1397 1529 1428 2582
1555 1391 1762 1439 Σεπτ(ίμιον)
1820 1391 1824 1396 ’

178 1450 315 1499 Ἀψαῖον
339 1453 395 1488 τὸν
419 1453 578 1500 πολείτην
602 1453 662 1487 καὶ
685 1453 877 1500 προστάτην
901 1453 925 1498 ἡ
950 1451 1059 1490 πόλις.

265 1767 352 1812 651
399 1771 605 1822 Columna,
645 1770 895 1810 occidentem
924 1781 1069 1809 versus
1100 1781 1125 1808 a
1155 1770 1357 1821 Palmyra.
1408 1769 1470 1808 Ex
1501 1767 1631 1808 Musili
1659 1778 1761 1821 apo-
1818 1800 1824 1828 ,ἵ

176 1839 335 1893 grapho
367 1840 429 1879 ed.
461 1839 505 1879 E.
525 1838 697 1878 Kalinka
724 1837 980 1878 Jahreshefte
1012 1838 1083 1877 des
1114 1841 1256 1877 esterr.
1284 1837 1394 1877 arch.
1417 1837 1512 1876 Inst.
1535 1837 1587 1876 III
1617 1833 1758 1889 (⁴900)
1818 1831 1820 1834 ’

177 1909 350 1949 Beiblatt
379 1921 419 1961 p.
443 1908 496 1948 25
528 1919 567 1947 n.
594 1907 659 1947 42.
1824 1898 1826 1902 ’

598 2028 796 2077 Βασιλέος
827 2028 1029 2085 [Δα]ρείου
1044 2031 1058 2058 1

596 2096 805 2144 Βασιλέως
836 2097 1108 2153 [Σεπτ(ιμίου)]
1134 2094 1340 2153 Ἀντιόχου
1350 2097 1378 2137 ².

267 2259 422 2292 Litterae
451 2259 595 2291 Becco.
727 2260 739 2289 4
777 2255 952 2300 Suppler'e
988 2259 1138 2290 conatus
1174 2266 1256 2290 sum
1292 2266 1364 2290 non
1394 2257 1472 2290 sine
1506 2256 1754 2289 haesitatione.

174 2315 317 2349 Nomen
340 2316 377 2347 in
401 2315 504 2357 Syria
530 2314 756 2356 principatus
789 2315 905 2347 aetate
938 2323 1009 2347 non
1038 2314 1252 2347 inusitatum
1285 2314 1396 2347 fuisse
1425 2313 1555 2354 docent
1578 2312 1756 2355 Iosephus
1814 2314 1817 2315 ’

176 2373 259 2406 Bell.
278 2373 319 2415 ΙΙ,
337 2374 397 2405 424
429 2373 466 2404 et
482 2371 609 2404 titulus
626 2370 863 2412 Palmyrenus
881 2371 1255 2413 Lebas-Waddington
1271 2372 1380 2404 Inscr.
1397 2371 1455 2413 111,
1471 2372 1560 2403 2597
1585 2365 1629 2403 ‘H
1645 2367 1754 2414 βουλὴ
1813 2401 1815 2403 ,

173 2428 232 2462 καὶ
256 2426 274 2461 ὁ
306 2427 416 2472 δῆμος
440 2424 646 2471 Πομπώνιον
671 2424 814 2471 Δαρεῖον
845 2426 1092 2473 ἑκατόνταρχον
1122 2426 1313 2472 λεγε[ῶνο]ς
1337 2424 1567 2471 Σεουηριανῆς
1590 2443 1635 2450 -
1657 2423 1755 2462 ἔτους

174 2475 254 2530 ςλφ’
278 2482 394 2528 (22415
420 2493 455 2527 p.
477 2484 558 2517 Chr.
576 2484 634 2525 n.).
682 2483 769 2522 Quis
794 2483 902 2516 fuerit
934 2484 994 2516 hic
1024 2493 1098 2526 rex,
1132 2485 1230 2526 latet,
1261 2485 1330 2517 nisi
1356 2484 1448 2517 sorte
1477 2485 1519 2516 ut
1549 2483 1668 2525 matri,
1700 2483 1754 2516 sic
1803 2471 1809 2488 ³

174 2542 283 2576 etiam
307 2541 402 2584 patri
427 2541 522 2583 regis
545 2540 712 2574 Antiochi
735 2541 831 2582 regis
855 2540 1133 2582 appellationem
1157 2541 1397 2573 decreverunt
1412 2540 1615 2582 Palmyreni
1638 2539 1754 2572 rebel·
1794 2560 1806 2566 --
1844 2531 1848 2535 ⁴

174 2600 225 2632 les
251 2598 295 2640 (n.
315 2598 430 2640 6501);
464 2597 616 2631 fortasse
640 2598 762 2640 ipsum
785 2605 935 2639 quoque
959 2605 1091 2629 nomen
1116 2598 1306 2639 proprium
1330 2597 1425 2638 regis
1449 2596 1692 2638 antiquissimi
1717 2597 1754 2628 et
1805 2637 1808 2638 ⁷

172 2655 390 2689 nobilissimi
414 2656 494 2688 tum
519 2654 667 2688 demum
693 2655 744 2687 illi
762 2654 978 2696 impositum
1002 2654 1058 2686 est
1081 2654 1123 2686 ut
1141 2653 1346 2695 ignobilitas
1362 2654 1502 2695 generis
1525 2653 1752 2695 aliquantum
1799 2650 1802 2652 ’

174 2713 429 2747 occultaretur.
547 2714 567 2744 2
600 2711 649 2745 Cf.
675 2721 708 2745 n.
728 2714 791 2745 650
800 2710 825 2744 ³.
