1858 3126
255 134 308 173 74
495 133 580 166 VIII.
617 134 764 175 Imperii
788 133 941 166 Romani
965 133 1178 175 provinciae
1203 134 1405 167 orientales.
1455 138 1485 167 4.
1509 134 1605 168 Asia.
1712 136 1838 178 [¹072—

369 286 493 313 σαντα
523 268 575 312 τὰ
603 269 791 325 Διδύμηα
823 268 829 324 Ι
860 270 956 326 τρίς,
986 272 1398 327 γυμνασιαρχήσαντα
1428 270 1625 328 [πάν]Ιτων
1655 274 1838 329 ἰι-ρῶτον2

365 339 435 382 καὶ
460 337 534 387 τὰς
565 335 739 394 λοιπ[ο“ις]
772 338 776 394 Ι
810 339 1093 382 ἐπιτελέσαντα
1130 339 1282 395 αὑτοῖ[ς
1318 337 1442 397 κα]Ιθ’
1468 340 1691 398 ὑπερβολὴν
1722 343 1837 399 φιλο·-

296 419 338 452 10
367 408 508 462 δοξίας,
542 406 881 465 [πρεσΙΙβ]εύσαντα
906 407 1004 465 πρὸς
1030 408 1096 451 τὸν
1119 407 1336 466 Σεβασ[τὸν
1349 409 1379 465 3]
1408 409 1414 465 Ι
1443 409 1542 468 ὑπὲρ
1570 413 1641 467 τῆς
1669 411 1837 459 ἀσυλίας

365 480 436 520 τοῦ
467 477 685 534 ΔιδυΙμέως
712 474 987 526 Ἀπόλλωνος4
1015 478 1084 520 καὶ
1113 481 1190 521 τῶν
1221 482 1291 535 τῆς
1325 478 1330 534 Ι
1361 479 1517 527 πόλεως
1549 479 1727 534 δικαίων,
1758 497 1838 523 τει-

248 607 329 639 tum
354 606 437 639 Asia
462 606 664 639 vexabatur
687 606 950 649 intermissum,
981 608 1132 649 propter
1155 607 1449 640 testimoniorum
1484 607 1664 640 defectum
1698 607 1837 641 definiri

248 664 385 706 nequit.
425 663 471 696 At
496 673 580 696 cum
605 664 852 696 Romanorum
869 664 1022 697 victoria
1045 664 1115 696 illis
1132 664 1341 706 regionibus
1365 673 1438 709 pax¹
1461 666 1498 697 et
1514 665 1630 698 otium
1654 665 1836 698 redditum

248 722 355 763 esset,
369 720 656 753 aedificationem
671 730 742 754 non
757 729 918 754 cessasse
935 721 1096 754 indicant
1109 722 1291 754 rationum
1303 721 1448 755 tabulae
1462 731 1641 755 annorum
1653 724 1782 756 480-4
1794 725 1836 756 49

248 788 278 811 a.
298 778 378 811 Chr.
405 778 523 820 spatio
550 778 688 820 (Hauss.
714 769 850 811 Etudes
868 787 901 821 p.
922 778 999 819 474)
1025 779 1252 821 conscriptae
1278 777 1519 824 (ἀπολογισμὸς
1542 783 1609 812 τῶν
1635 778 1743 825 ἔργων
1766 784 1834 813 τῶν

248 833 535 870 συντελεσθέντων
554 833 618 868 ὑπὸ
635 840 703 869 τῶν
720 838 780 869 τοῦ
799 833 880 869 θεοῦ
898 833 1049 878 παίδων),
1075 845 1167 878 quas
1183 835 1296 868 edidit
1317 838 1353 869 et
1370 837 1632 870 commentario
1649 836 1836 870 doctrinae

247 895 283 926 et
315 894 495 926 acuminis
527 894 634 936 pleno
665 893 862 926 illustravit
893 893 1141 926 Haussoullier
1163 884 1300 926 Etudes
1324 902 1388 926 sur
1411 891 1586 927 l'histoire
1609 894 1655 927 de
1678 894 1776 928 Milet
1800 897 1836 928 et

248 951 297 984 du
321 951 536 993 Didymeion
567 960 601 993 p.
621 954 687 984 458
719 960 752 984 n.
772 953 803 984 4.
839 959 874 993 p.
895 953 960 983 462
991 960 1024 983 n.
1045 954 1074 983 2.
1113 960 1147 993 p.
1168 954 1233 984 466
1260 949 1372 985 η.4ὂ.
1410 960 1444 994 p.
1463 954 1529 985 467
1554 961 1588 985 n.
1613 950 1676 985 ab.
1713 961 1748 995 p.
1768 955 1828 985 474

247 1018 281 1042 n.
301 1007 399 1042 aab.
449 1009 570 1042 Primo
595 1019 625 1042 a.
652 1009 732 1042 Chr.
758 1018 791 1041 n.
818 1008 963 1041 saeculo
996 1008 1079 1050 (fere
1105 1018 1135 1041 a.
1163 1011 1204 1041 48
1230 1018 1260 1042 a.
1280 1009 1373 1050 Chr.)
1406 1011 1504 1042 certe
1537 1009 1581 1043 de
1605 1011 1711 1052 porta
1735 1010 1836 1052 prin-

246 1067 354 1109 cipali
379 1067 506 1109 templi
530 1067 648 1099 valvis
672 1066 842 1099 eburneis
873 1068 1000 1099 ornata
1029 1067 1183 1099 testatur
1215 1067 1347 1099 titulus
1370 1076 1404 1100 n.
1423 1069 1500 1109 493,
1519 1069 1574 1100 40.
1623 1066 1714 1099 Tum
1746 1076 1835 1100 vero

245 1124 496 1157 intermissum
521 1126 576 1157 est
601 1133 706 1166 opus,
736 1124 824 1157 dum
850 1124 886 1156 C.
905 1124 1036 1157 Caesar
1060 1124 1263 1157 Germanici
1287 1124 1309 1157 f.
1336 1126 1477 1166 (87—-44
1501 1133 1535 1166 p.
1553 1125 1646 1166 Chr.)
1671 1124 1708 1157 id
1733 1133 1836 1158 resu-

246 1183 370 1214 meret.
413 1181 461 1214 Cf.
481 1183 625 1214 sueton.
641 1182 749 1214 Gaius
767 1184 803 1213 24
835 1179 1076 1215 destinaverat
1090 1182 1123 1214 et
1141 1179 1249 1215 Sami
1261 1179 1465 1225 Pobyeratoze
1481 1180 1623 1226 regiam
1637 1179 1834 1223 restituere,

245 1237 367 1272 Mileti
388 1237 610 1283 Didymeum
629 1249 809 1282 peraqere.
860 1239 1005 1272 Cassius
1030 1239 1097 1271 Dio
1124 1239 1211 1281 LIX,
1230 1241 1284 1282 28,
1304 1242 1316 1271 4
1355 1236 1457 1276 Γάϊος
1481 1238 1518 1272 δὲ
1548 1237 1584 1272 ἐν
1607 1238 1651 1285 τῇ
1671 1234 1762 1285 Ἀσίᾳ
1784 1239 1835 1284 τῷ

246 1295 340 1330 ἔθνει
371 1296 513 1341 τέμενός
544 1307 575 1329 τι
608 1296 719 1342 ἑαυτῷ
744 1295 779 1330 ἐν
804 1293 951 1341 Μιλήτῳ
983 1295 1156 1340 τεμενίσαι
1187 1295 1363 1330 ἐκέλευσε·
1393 1295 1518 1341 ταύτην
1549 1295 1613 1342 γὰρ
1642 1295 1704 1341 τὴν
1734 1295 1832 1330 πόλιν

246 1352 438 1396 ἐπελέξατο,
465 1352 555 1398 λόγῳ
583 1353 644 1398 μὲν
669 1352 774 1386 εἰπὼν
801 1352 852 1386 ὅτι
875 1352 939 1398 τὴν
966 1346 1186 1399 μέν”Εφεσον
1210 1351 1234 1398 ἡ
1258 1350 1423 1398 Ἄρτεμις,
1453 1353 1517 1398 τὴν
1549 1353 1585 1387 δὲ
1608 1351 1788 1399 Πέργαμον
1814 1353 1831 1387 ὁ

245 1409 452 1456 Αὔγουστος,
482 1410 545 1455 τὴν
579 1409 615 1443 δὲ
647 1407 804 1455 Σμύρναν
831 1409 848 1443 ὁ
874 1408 1029 1456 Τιβέριος
1062 1409 1384 1455 προκατειλήφασιν,
1413 1410 1452 1445 τὸ
1477 1409 1515 1444 δὲ
1540 1408 1669 1456 ἀληθὲς
1702 1409 1752 1444 ὅτι
1774 1410 1832 1444 τὸν

244 1469 341 1511 νεών,
367 1467 403 1501 ὃν
430 1466 462 1501 οἱ
485 1464 650 1511 Μιλήσιοι
674 1468 723 1513 τῷ
745 1464 933 1501 Ἀπόλλωνι
949 1466 1006 1501 καὶ
1025 1466 1129 1513 μέγαν
1154 1467 1213 1501 καὶ
1229 1466 1428 1514 ὔπερκαλλῆ
1447 1467 1583 1502 ἐποίουν
1610 1468 1832 1511 (imperfecto

244 1528 411 1568 tempore
435 1534 529 1568 opus
555 1526 715 1558 nondum
741 1525 949 1558 absolutum
975 1525 1126 1558 indicari
1144 1528 1249 1558 acute
1266 1526 1438 1559 observat
1454 1526 1605 1568 Hauss.),
1632 1524 1833 1560 ἰδιώσασθαι

244 1580 455 1627 ἐπεθύμησε.
503 1582 583 1616 Non
607 1583 683 1615 suis
708 1583 884 1624 impensis
909 1583 1122 1625 restituisse,
1152 1583 1216 1615 sed
1240 1583 1345 1615 Asiae
1368 1583 1581 1625 provinciae
1604 1585 1646 1615 ut
1668 1582 1834 1616 reficeret

243 1641 444 1682 imperasse
469 1640 658 1673 Caesarem
682 1642 805 1672 narrat
829 1640 909 1682 Dio,
938 1649 1011 1682 qua
1035 1649 1120 1672 cum
1144 1649 1184 1673 re
1208 1640 1349 1682 egregie
1374 1641 1595 1673 conveniunt
1623 1640 1683 1673 illa
1708 1639 1741 1673 oi
1765 1638 1832 1674 ἀπὸ

241 1701 304 1742 τῆς
329 1694 438 1734 Ἀσίας
459 1700 638 1744 τεχνεῖται.
688 1698 856 1730 Ceterum
883 1697 986 1730 vides
1019 1698 1113 1730 inter
1137 1698 1333 1739 scriptores
1364 1696 1559 1731 convenire
1589 1698 1633 1730 de
1662 1697 1831 1740 Didymei

242 1755 453 1798 perficiendi
478 1756 628 1797 conatu;
662 1755 722 1788 cui
754 1755 806 1787 rei
838 1755 937 1797 quod
961 1755 1124 1796 adiungit
1148 1755 1226 1797 Dio,
1259 1755 1386 1788 aedem
1418 1755 1449 1788 si
1474 1756 1634 1797 perfecta
1663 1758 1760 1788 esset
1783 1755 1830 1788 ab

241 1812 406 1855 Apolline
438 1813 616 1855 Didymen
649 1813 695 1845 ad
727 1821 766 1845 se
795 1813 918 1854 ipsum
950 1813 1212 1845 translaturum
1249 1813 1358 1845 fuisse
1393 1813 1607 1855 principem,
1644 1813 1680 1845 id
1715 1821 1829 1855 quam

241 1870 350 1903 fidem
375 1870 508 1903 habeat
532 1871 568 1903 in
594 1870 713 1903 medio
738 1870 1015 1912 relinquendum
1041 1872 1106 1911 est,
1140 1870 1435 1912 quandoquidem
1471 1870 1565 1903 intra
1589 1870 1740 1903 brevem
1765 1870 1829 1902 Gai

241 1929 488 1969 principatum
511 1937 584 1960 non
609 1928 760 1969 contigit
784 1929 825 1960 ut
849 1937 942 1970 opus
961 1928 1221 1961 absolveretur.
1261 1927 1388 1970 Neque
1412 1928 1615 1970 pastillum
1634 1928 1827 1969 quisquam

241 1985 278 2017 id
303 1985 422 2017 denuo
447 1985 653 2026 suscepisse
671 1985 831 2026 videtur3
858 1986 955 2018 certe
980 1986 1093 2018 altero
1112 1994 1146 2027 p.
1164 1985 1244 2018 Chr.
1271 1985 1416 2018 saeculo
1440 1984 1602 2018 nondum
1626 1984 1828 2027 perfectum

241 2044 328 2075 erat.
379 2041 428 2074 Cf.
453 2042 603 2075 Pausan.
621 2042 693 2084 VII,
714 2045 744 2083 5,
765 2044 800 2075 lo:
825 2034 923 2075 Ἴωσι
947 2041 985 2074 δὲ
1017 2041 1088 2087 ἔχει
1119 2041 1182 2086 μὲν
1212 2041 1471 2087 ἐπιτηδειότατα
1503 2041 1602 2087 ὡρῶν
1625 2040 1777 2086 ’κράσεως
1802 2040 1826 2084 ἡ

239 2099 348 2144 χώρα,
380 2096 454 2145 ἔχει
479 2097 517 2132 δὲ
540 2097 599 2131 καὶ
625 2097 698 2145 ἱερὰ
722 2095 778 2132 οἷα
802 2097 867 2145 οὐχ
891 2097 1046 2144 ἑτέρωθι,
1079 2103 1212 2145 πρῶτον
1238 2098 1299 2143 μὲν
1323 2101 1386 2143 τῆς
1410 2094 1566 2145 Ἐφεσίας
1599 2097 1766 2144 μεγέθους
1789 2109 1827 2131 τε

240 2154 356 2189 εἵνεκα
379 2155 439 2188 ’καὶ
464 2153 519 2188 ἐπὶ
542 2155 592 2201 τῷ
615 2153 710 2200 ἄλλῳ
729 2154 877 2201 πλούτῳ,
905 2154 964 2189 δύο
988 2155 1026 2189 δὲ
1050 2154 1126 2189 οὐκ
1151 2155 1461 2201 ἐξειργασμένα
1483 2152 1703 2199 Ἀπόλλωνος,
1726 2154 1765 2189 τό
1789 2166 1827 2188 τε

241 2211 275 2245 ἐν
301 2209 507 2258 Βραγχίδαις
530 2216 592 2256 τῆς
616 2209 787 2256 Μιλησίας
812 2212 869 2246 καὶ
893 2212 928 2247 ἐν
946 2210 1076 2259 Κλάρῳ
1100 2215 1145 2260 τῇ
1172 2210 1418 2259 Κολοφωνίων.
1465 2212 1562 2246 Nihil
1586 2213 1696 2254 igitur
1719 2213 1826 2245 relin-

240 2270 366 2312 quitur
390 2270 502 2312 dubii,
536 2270 624 2311 quin
649 2272 747 2302 recte
773 2271 835 2304 Gai
863 2271 1025 2304 Caesaris
1051 2271 1270 2313 principatui
1294 2272 1330 2303 et
1353 2271 1451 2303 hunc
1475 2270 1621 2303 titulum
1647 2272 1683 2303 et
1707 2279 1741 2303 n.
1759 2271 1824 2303 473

239 2327 479 2360 vindicaverit
504 2327 765 2360 Haussoullier.
895 2331 913 2360 2
946 2328 1040 2361 Cave
1071 2327 1207 2361 πάντων
1240 2328 1449 2369 genetivum
1479 2327 1693 2371 partitivum
1722 2327 1825 2360 intel-

239 2385 370 2417 lexeris
395 2386 431 2417 et
455 2384 500 2416 ad
524 2389 657 2428 πρῶτον
683 2386 877 2418 rettuleris.
917 2387 1034 2418 Immo
1051 2387 1148 2418 recte
1167 2385 1296 2419 Hauss.
1321 2394 1405 2418 eum
1422 2385 1574 2418 indicari
1598 2385 1736 2426 statuit,
1760 2385 1824 2426 qui

239 2442 381 2484 primus
411 2442 712 2483 gymnasiarchus
744 2443 908 2475 omnium
938 2443 1054 2485 fuerit,
1086 2452 1169 2475 cum
1202 2444 1306 2476 antea
1335 2440 1466 2485 παῖδες,
1498 2441 1651 2486 πατέρες,
1686 2439 1824 2475 πολῖται

239 2508 326 2532 suos
343 2499 538 2541 separatim
556 2500 789 2540 magistratus
809 2499 1039 2541 habuissent;
1071 2500 1106 2532 C.
1126 2501 1149 2532 Ι.
1169 2501 1207 2532 G.
1226 2502 1327 2542 2885,
1346 2502 1387 2531 43
1412 2497 1665 2544 γυμνασιάρχου
1689 2497 1824 2532 πάντων

237 2561 305 2591 τῶν
330 2554 524 2601 γυμνασίων
549 2555 653 2588 affert
677 2556 784 2589 idem.
903 2560 921 2588 3
953 2558 1116 2590 Proclive
1141 2559 1206 2598 est,
1239 2557 1332 2589 hanc
1356 2556 1664 2598 simplicissimam
1690 2555 1823 2598 princi-

238 2615 295 2656 pis
327 2613 607 2656 appellationem
638 2613 762 2646 referri
793 2613 837 2646 ad
870 2622 955 2647 eum
986 2615 1048 2656 qui
1079 2616 1158 2646 tum
1193 2615 1313 2656 ipsum
1346 2613 1589 2655 imperaverit,
1621 2621 1706 2646 cum
1733 2612 1822 2645 haec
1843 2601 1855 2610 ⁸

238 2673 483 2705 exararentur.
538 2672 595 2704 Sic
628 2671 671 2703 de
704 2671 791 2704 Gaio
818 2671 871 2711 (cf.
898 2672 971 2704 not.
990 2672 1020 2712 4)
1052 2670 1290 2712 intellegenda
1322 2670 1400 2702 erit.
1449 2669 1740 2703 Haussoullierus
1766 2668 1819 2710 (cf.

237 2729 312 2762 not.
330 2728 361 2770 4)
386 2728 514 2761 maluit
539 2728 583 2761 ad
607 2727 791 2760 Tiberium
818 2727 961 2770 referre,
987 2729 1023 2760 et
1048 2729 1133 2761 sunt
1156 2736 1241 2760 sane
1266 2735 1360 2768 quae
1385 2727 1463 2759 eius
1481 2727 1697 2760 sententiam
1722 2734 1821 2758 com-

238 2786 418 2819 mendent.
538 2788 556 2818 4
588 2785 682 2818 Haec
715 2785 757 2818 ad
791 2785 890 2818 illam
923 2785 968 2817 de
1000 2786 1078 2817 iure
1110 2785 1203 2826 asyli
1232 2784 1504 2816 contentionem
1535 2783 1675 2816 rettulit
1707 2783 1821 2816 Haus-

238 2843 396 2886 soullier,
429 2843 474 2876 de
506 2852 579 2885 qua
609 2844 777 2876 accurate
809 2842 918 2874 refert
950 2842 1095 2875 Tacitus
1118 2842 1207 2874 Ann.
1225 2841 1283 2883 ΙΙΙ,
1302 2843 1342 2873 60
1358 2848 1436 2882 sqq.
1485 2840 1578 2872 Tum
1610 2840 1703 2872 inter
1731 2839 1819 2872 alias

239 2900 486 2934 nobilissimas
517 2901 692 2943 civitates,
723 2908 767 2933 ex
798 2899 933 2942 quibus
958 2907 1025 2932 suo
1050 2907 1217 2941 quaeque
1240 2897 1392 2931 delubro
1420 2898 1477 2931 ius
1502 2897 1594 2939 asyli
1627 2898 1823 2940 impetrare
