1858 3126
0 2039 13 2233 vv-m-w-zv-s-r-
0 2017 2 2019 v

56 169 139 213 tu]
486 167 663 201 sodalitas
686 166 920 208 Berytiorum
945 169 1204 199 mercatorum.
1552 164 1636 208 283

55 310 97 348 et
123 317 320 349 veranum
337 307 378 348 6.
399 304 427 346 7
456 306 676 359 imaginem
704 308 892 345 accurate
921 304 1164 344 delineatam
1182 305 1399 358 proposuit
1422 304 1464 344 E.
1483 305 1636 357 Loewy

54 376 297 418 Inschriiteu
324 387 385 428 gr.
406 374 625 415 Bildhauer
651 387 694 428 p.
718 374 800 413 485
830 385 871 413 n.
893 373 991 413 256.

161 485 328 545 Ῥώμην
349 484 481 530 θεᾶν1
499 486 700 544 εὐεργέτιν
732 485 739 542 Ι
769 484 815 528 τὸ
834 482 968 528 κοινὸν
989 482 1201 542 Βηρυτίων
1223 483 1608 528 Ποσειδωνιαστῶνῖ
1628 487 1634 540 Ι

171 556 357 614 ἐμπόρων
397 554 471 599 καὶ
512 556 751 612 ναυκλήρων
784 552 855 597 καὶ
889 553 1117 611 ἐγδοχέων3
1159 556 1165 610 Ι
1203 554 1361 602 εὐνοίας
1395 550 1530 597 ἕνεκεν
1564 557 1638 611 τῆς

126 626 233 674 δΐεῖς
268 624 315 668 τὸ
351 623 485 668 κοινὸν
514 624 584 667 καὶ
613 623 685 680 τὴν
713 623 898 680 πατρίδα,
930 621 943 679 ΙΙ
974 622 1400 680 ἀρχιθιιιειιιει’)ονιος4
1427 622 1471 665 τὸ
1502 623 1638 666 δεύτε-

147 753 303 787 uttam
330 753 497 794 volgares
526 753 673 794 praeter
706 751 819 784 ΘΠΣ.
865 749 1058 783 Extremae
1090 750 1216 783 hastae
1247 749 1389 783 lineolis
1419 751 1638 783 transversis

53 812 214 845 ornatae.
253 811 288 844 0
311 811 350 844 et
372 811 407 844 Θ
428 809 582 852 reliquis
606 809 776 841 minores.
894 811 908 839 4
945 807 1108 840 Primum
1132 806 1221 840 deae
1236 807 1371 840 Romae
1396 807 1574 849 templum
1598 816 1639 840 se

54 867 243 903 dedicasse
263 866 515 910 gloriabantur
538 865 743 908 Smyrnaei;
773 864 816 898 ci'.
842 864 924 898 Tac.
940 864 1030 898 Anu.
1047 863 1106 907 IV,
1123 867 1183 897 56:
1215 874 1254 898 ae
1272 862 1442 908 primum
1465 862 1639 908 ten-unm

53 922 159 960 u-bin
188 923 326 959 Romae
351 921 521 959 noadiae
550 920 599 956 Μ.
621 920 752 956 Porcio
780 920 926 956 conside
954 922 1033 962 (495
1059 931 1092 954 a.
1116 921 1198 955 Chr.
1220 922 1278 963 n.).
1326 921 1522 963 Aliquanto
1555 923 1640 963 post

54 984 99 1024 (a.
115 984 181 1015 470
207 991 238 1016 a.
255 982 337 1016 Chr.
354 981 401 1023 n.)
425 980 521 1014 idem
547 981 686 1014 tactum
710 987 791 1012 esse
815 979 862 1012 ab
885 978 1198 1012 Alabandensibus
1228 978 1336 1012 docet
1359 979 1451 1011 Livii
1480 979 1640 1011 narratio

52 1039 172 1082 XLIII,
190 1042 223 1081 6,
239 1042 279 1072 ⁵:
311 1036 583 1073 Alabandenses
612 1035 785 1081 templum
813 1034 919 1070 urhis
941 1034 1079 1070 Romae
1100 1046 1138 1070 ee
1169 1034 1298 1079 feei-eae
1320 1045 1640 1069 commemoravere

53 1094 223 1140 biduoque
243 1093 521 1130 mutemur-ios
543 1093 580 1128 a·
600 1092 707 1128 divae
728 1092 944 1128 instituisse.
993 1093 1128 1126 Deinde
1152 1093 1242 1126 haec
1274 1102 1377 1126 sacra
1407 1094 1543 1126 sensim
1574 1102 1640 1135 per

53 1154 220 1196 regiones
247 1153 403 1187 Graeca
434 1153 585 1186 orientis
615 1154 815 1194 propagata
846 1153 941 1183 sunt.
990 1150 1093 1183 Hunc
1127 1151 1274 1183 titulum
1307 1152 1489 1192 scriptura
1522 1150 1640 1191 arguit

54 1211 189 1244 saeculi
212 1220 244 1244 a.
261 1211 343 1244 Chr.
360 1220 395 1243 n.
420 1210 530 1253 primi
555 1210 712 1242 ineuntis
736 1217 827 1241 esse.
868 1208 972 1240 Certe
997 1207 1228 1249 temporibus
1245 1207 1496 1240 Mithridaticis
1513 1208 1640 1248 utique

55 1277 129 1302 non
156 1269 214 1301 est
241 1268 431 1301 recentior.
479 1267 604 1299 Statua
636 1265 725 1298 deae
757 1266 901 1297 servata
932 1266 999 1306 est,
1032 1265 1151 1306 capite
1188 1266 1225 1296 et
1261 1265 1450 1306 superiore
1481 1265 1640 1305 pectoris

54 1327 158 1368 parte
182 1325 311 1358 deleta.
349 1323 454 1363 Quod
472 1323 686 1356 Reinachius
702 1324 821 1354 totum
838 1322 1029 1363 templum,
1053 1322 1090 1354 in
1115 1330 1188 1363 quo
1213 1321 1273 1354 hic
1295 1321 1425 1354 titulus
1449 1330 1535 1354 cnm
1561 1321 1641 1354 aliis

55 1382 188 1425 synodi
223 1381 389 1415 eiusdem
424 1382 592 1423 repertus
629 1381 696 1421 est,
739 1379 789 1412 ita
820 1380 863 1411 ut
906 1377 954 1411 ab
991 1379 1072 1420 ipsa
1109 1378 1298 1411 sodalitate
1334 1378 1522 1411 conditum
1561 1386 1642 1411 esse

54 1441 208 1482 constet,
237 1439 334 1472 Deae
356 1438 494 1472 Romae
525 1446 606 1470 esse
634 1437 778 1478 conicit,
809 1435 847 1468 id
876 1432 1018 1469 ιιίῑίῖιῦΔ
1035 1435 1144 1468 titulo
1170 1435 1260 1468 Bull.
1285 1435 1331 1468 de
1354 1444 1447 1469 corr.
1472 1435 1561 1468 liell.
1577 1435 1641 1467 Vll

56 1506 94 1540 p.
112 1499 172 1530 474
203 1506 238 1529 n.
256 1499 293 1530 δε
323 1493 374 1530 Τὸ
400 1495 515 1529 κοινὸν
547 1491 728 1539 Βηρυτίων
756 1492 761 1537 Ι
787 1490 1087 1527 Ποσειδωνιαστῶν
1115 1491 1120 1535 Ι
1148 1491 1307 1537 ἐμπόρων
1335 1490 1396 1525 ml
1426 1491 1642 1538 ναυΙιλ-ἡρων

55 1553 116 1588 ul
146 1551 319 1600 ἐγδοχὲσν
353 1547 537 1597 [Pam-2,
569 1550 575 1596 Ι
606 1549 941 1597 ἀρχιθιασιτεὺοντος
973 1548 979 1593 Ι
1010 1547 1187 1583 Διονυσίου
1221 1551 1285 1582 τοῦ
1315 1545 1549 1596 Σωσιπάτρου.
1596 1550 1643 1582 At

55 1611 118 1645 ilie
138 1611 262 1645 nudus
283 1611 475 1653 genetivus
499 1604 650 1653 Ῥώμης,
682 1609 788 1641 cuius
812 1616 899 1641 sane
930 1607 1069 1640 nullam
1093 1606 1199 1640 video
1223 1606 1453 1649 probabilem
1485 1607 1642 1649 explica-

55 1669 206 1711 tionem,
230 1668 341 1702 etiam
365 1668 403 1700 in
425 1666 684 1700 illaReinachii
708 1666 886 1698 sententia
908 1667 1031 1697 manet
1054 1665 1249 1707 permit-us,
1273 1673 1392 1706 neque
1410 1664 1513 1706 quod
1537 1664 1643 1697 soda-

55 1726 139 1759 litas
166 1725 399 1768 Berytiorum
429 1726 687 1765 mercatorum,
718 1724 782 1765 qui
812 1731 851 1755 se
880 1723 951 1764 ipsi
983 1722 1249 1755 Posidoniastas
1286 1722 1533 1763 nominabant,
1565 1721 1642 1754 Deli

57 1781 295 1817 adiacebant
317 1781 495 1824 templum
520 1781 611 1813 mihi
627 1780 774 1812 videtur
797 1780 889 1812 alius
914 1778 973 1811 dei
998 1778 1110 1811 ruisse
1128 1780 1237 1820 atque
1261 1778 1340 1810 eius
1365 1787 1385 1810 a
1410 1787 1484 1820 quo
1508 1787 1644 1810 nomen

57 1839 251 1882 habebant,
280 1837 450 1881 Neptuni.
497 1839 538 1871 In
568 1838 719 1870 alterius
753 1837 811 1869 dei
844 1836 998 1869 delubro
1031 1836 1179 1868 alterius
1215 1835 1453 1868 simulacrum
1485 1835 1647 1868 dedicari

57 1897 147 1930 nihil
169 1896 281 1930 babet
302 1895 449 1929 insoliti.
566 1897 587 1927 2
618 1894 894 1928 venerabantur
917 1894 1065 1936 Bet-yffi,
1090 1893 1154 1934 qui
1171 1893 1248 1924 Deli
1273 1894 1517 1925 mercaturam
1538 1892 1646 1925 iacie-

53 1954 157 1997 bant,
187 1953 426 1996 principalem
448 1953 588 1995 patriae
612 1961 700 1985 suae
724 1952 846 1993 deum,
876 1951 983 1984 cuius
1007 1959 1141 1982 nomeu
1164 1950 1399 1982 Phoenicium
1424 1950 1645 1992 ignoramus,

59 2011 125 2045 sed
154 2011 309 2045 eundem
348 2020 435 2044 cum
470 2010 640 2052 Neptuno
672 2010 808 2042 Graeco
844 2008 1011 2041 habitum
1047 2016 1127 2040 esse
1163 2007 1298 2040 docent
1333 2007 1475 2039 nummi
1506 2007 1645 2048 Berytii

60 2066 203 2110 (sscknel
225 2069 267 2101 D.
289 2067 332 2102 N.
356 2068 404 2100 111
427 2077 463 2111 p.
482 2068 572 2110 35⁶),
603 2067 668 2109 qui
698 2067 756 2099 dei
785 2067 896 2108 caput
928 2074 1015 2098 cum
1045 2064 1214 2105 tridente,
1245 2066 1309 2096 aut
1340 2064 1462 2106 ipsum
1493 2066 1643 2097 vectum

58 2126 314 2168 hippocampis
343 2126 406 2158 aut
430 2126 586 2158 stantem
611 2113 696 2157 cum
720 2126 845 2165 patera
871 2122 1054 2155 exhibent.
1101 2122 1274 2154 Similiter
1296 2121 1395 2164 Tyrii
1427 2121 1548 2164 deum,
1580 2121 1643 2163 qui

59 2183 228 2225 ipsorum
251 2182 374 2224 lingua
396 2179 573 2225 Melqarth
597 2180 859 2224 appellabatur,
892 2179 1026 2212 Graece
1050 2178 1241 2212 Herculem
1266 2177 1458 2220 vocabant,
1488 2178 1594 2220 eique
1624 2187 1644 2211 a

6 2264 22 2273 a
59 2238 327 2272 mercatoribus
349 2239 429 2271 eius
452 2239 611 2271 civitatis
634 2238 713 2270 Deli
737 2237 904 2279 synodus
927 2236 1231 2269 Heracleistarum
1264 2236 1463 2268 constituta
1486 2237 1552 2267 est.
1595 2234 1644 2267 Cf.

60 2296 151 2329 nun.
176 2295 221 2329 de
243 2304 338 2328 corr.
361 2295 449 2328 Heli.
472 2295 519 2328 IV
543 2304 579 2337 p.
596 2297 674 2328 223.
817 2297 835 2325 3
866 2293 910 2326 ffi
941 2295 1055 2336 erant,
1088 2302 1250 2336 quorum
1283 2302 1393 2335 opera
1425 2293 1518 2324 inter
1550 2301 1646 2324 mer-

60 2354 203 2387 emtores
234 2355 271 2386 et
300 2353 450 2386 navium
475 2352 642 2385 dominos
673 2352 718 2384 de
741 2352 892 2384 vectura
921 2351 1099 2384 mercium
1121 2350 1371 2383 conveniebat.
1419 2349 1468 2382 Cf.
1493 2359 1527 2381 n.
1546 2351 1610 2381 440
1619 2349 1644 2382 ⁷.

6 2427 9 2429 ·
61 2410 101 2443 In
125 2410 256 2453 synodi
279 2410 407 2452 titulis,
438 2410 503 2452 qui
532 2409 630 2442 haud
659 2409 767 2451 pauci
795 2409 833 2441 in
862 2409 924 2441 illo
954 2408 1092 2450 templo
1122 2408 1218 2440 eruti
1251 2409 1348 2448 sunt,
1382 2415 1527 2449 semper
1555 2407 1645 2439 haec

61 2468 132 2501 tria
154 2468 303 2501 nomina
325 2468 596 2508 coniunguntur
619 2466 729 2499 modo
753 2465 875 2499 addita
899 2463 1198 2499 Ποσειδωνιατῶν
1233 2464 1485 2506 appellatione,
1516 2465 1558 2496 ut
1587 2464 1646 2495 hic

61 2526 100 2558 et
122 2534 156 2558 n.
175 2527 195 2557 5
220 2526 266 2566 (v.
291 2526 365 2557 not.
383 2525 427 2565 4).
458 2533 494 2567 p.
513 2525 577 2556 470
604 2534 638 2557 ιι.
657 2526 688 2566 3,
716 2527 747 2557 4.
780 2533 816 2566 p.
835 2525 901 2556 472
925 2533 960 2556 n.
979 2526 1011 2565 7,
1038 2525 1069 2555 4.
1096 2525 1127 2564 8,
1151 2525 1183 2563 2,
1216 2531 1250 2563 p.
1271 2524 1336 2553 475
1362 2530 1395 2553 n.
1415 2524 1445 2562 3,
1472 2524 1504 2562 4,
1536 2520 1645 2552 modo

63 2582 199 2615 omissa
221 2583 265 2614 ut
286 2590 323 2624 p.
341 2583 407 2614 1072
432 2591 466 2614 n.
486 2584 517 2623 6,
536 2584 566 2614 4.
586 2584 618 2613 2.
648 2590 683 2623 p.
699 2583 763 2614 474
789 2590 824 2613 n.
838 2583 871 2623 2,
890 2583 921 2613 4.
939 2583 970 2612 2.
1000 2589 1036 2622 p.
1051 2581 1117 2612 475
1142 2588 1175 2611 ιι.
1193 2581 1222 2620 4,
1241 2581 1273 2610 4.
1292 2581 1323 2610 2.
1435 2580 1452 2608 4
1485 2577 1547 2609 Cf..
1559 2578 1646 2609 titu-

63 2638 141 2671 lum
170 2639 334 2672 eiusdem
365 2638 508 2671 delubri
537 2639 627 2670 Buu.
649 2638 712 2670 vn
737 2647 772 2679 p.
790 2640 850 2670 474
887 2647 920 2670 n.
940 2641 972 2679 5,
996 2640 1028 2669 6.
1053 2639 1072 2668 7
1105 2634 1437 2681 ἀρχιθίασιτεῦοντος
1468 2632 1645 2666 Διονυσίου

62 2697 125 2727 τοῦ
149 2692 382 2742 Σωσιπάτρου.
416 2705 452 2738 p.
471 2698 537 2728 ⁴⁷2
562 2705 596 2728 n.
615 2699 645 2737 6,
663 2698 695 2728 2.
715 2698 733 2727 3
766 2693 1006 2741 ἀρχιθιασὶτης
1029 2692 1212 2737 γενόμενος
1235 2710 1281 2715 -
1305 2691 1363 2723 τὸν
1396 2689 1535 2733 βω[μ]ὸν
1561 2687 1647 2729 [ἀνέ-

65 2748 197 2794 θηιεν].
241 2753 431 2786 Praeterea
462 2752 688 2786 sacerdotem
723 2751 882 2784 habebat
916 2750 1103 2791 sodalitaS,
1136 2749 1200 2790 qui
1230 2757 1304 2780 una
1332 2756 1418 2779 cum
1454 2745 1647 2778 archithia-

67 2808 137 2840 sita
151 2811 461 2842 commemoratur
476 2818 514 2851 p.
531 2812 595 2842 470
613 2819 648 2842 ιι.
663 2811 680 2841 4
706 2805 1037 2854 ἀρχιθιασιτεύοντος
1057 2804 1063 2849 Ι
1083 2802 1308 2848 Δημοκλέους
1323 2805 1384 2835 τοῦ
1400 2798 1648 2846 ΔημοφῶνΙτος

67 2861 254 2909 εὐεργέτου,
280 2862 287 2907 Ι
313 2863 369 2897 ἐπὶ
391 2864 507 2910 ἱερέως
531 2865 569 2899 δὲ
590 2862 848 2910 Ἀπολλοδώρου
875 2862 881 2908 Ι
907 2865 968 2896 τοῦ
991 2858 1245 2904 Ἀπολλοφάνου
1271 2857 1460 2904 εὐεργέτου,
1486 2858 1563 2890 sine
1586 2857 1647 2890 illo

69 2930 104 2964 p.
124 2923 191 2954 469
213 2929 250 2953 ιι.
267 2923 300 2963 2,
316 2923 349 2954 ⁹.
