1780 3204
602 724 1066 790 PRAEFATIO.

132 939 260 1007 Quae
290 962 424 1018 priori
454 962 659 1006 volumini
689 963 892 1018 praemisi
923 962 979 1007 de
1010 963 1137 1006 huius
1158 963 1426 1008 collectionis
1446 963 1625 1007 consilio

26 988 177 1126 f³atque
210 1037 373 1092 ordine,
415 1038 481 1081 eis
515 1050 602 1080 non
638 1042 755 1081 esset
793 1050 869 1080 cur
907 1037 977 1082 hic
1015 1039 1245 1094 quicquam
1282 1038 1501 1090 adderem,
1539 1038 1626 1081 nisi

25 1099 326 1168 fingratissimi
365 1112 499 1155 animi
539 1124 638 1156 esse
679 1112 969 1157 existimarem
1006 1113 1227 1157 hominum
1267 1113 1624 1168 doctissimorum,

44 1199 72 1229 a
101 1186 256 1242 quibus
285 1187 331 1230 in
364 1185 447 1230 hac
484 1187 623 1230 altera
658 1191 781 1242 parte
811 1187 1065 1231 adornanda
1095 1189 1273 1244 egregie
1311 1188 1486 1231 adiutus
1517 1201 1623 1243 sum,

43 1261 220 1305 nomina
248 1266 293 1305 et
321 1261 532 1304 beneficia
551 1261 723 1304 silentio
752 1274 959 1317 premere.
1011 1262 1074 1305 Ac
1103 1262 1289 1316 primum
1310 1262 1483 1316 quidem
1510 1263 1627 1317 quod

43 1334 129 1379 tria
157 1340 433 1379 monumenta
461 1334 627 1379 inedita
646 1335 823 1378 maximi
850 1337 1053 1379 momenti
1083 1335 1184 1380 huic
1214 1336 1324 1380 libro
1355 1350 1449 1380 meo
1480 1336 1626 1380 decori

45 1414 176 1465 atque
224 1414 472 1454 ornamento
521 1416 632 1465 sunt,
690 1410 844 1454 foedus
892 1412 1180 1455 Romanorum
1230 1417 1273 1455 et
1322 1411 1624 1467 Cibyratarum

45 1498 86 1528 n.
117 1483 214 1538 762,
260 1484 448 1540 epistula
481 1485 688 1529 Eumenis
731 1485 847 1540 regis
892 1485 950 1529 ad
994 1498 1218 1529 commune
1261 1487 1411 1529 Ionum
1452 1501 1493 1529 n.
1526 1485 1621 1539 763,

44 1559 348 1615 populiscitum
376 1559 675 1604 Prienensium
706 1559 763 1604 de
789 1560 920 1604 Sotae
949 1560 1181 1604 honoribus
1211 1574 1251 1603 n.
1275 1560 1371 1615 765,
1403 1561 1449 1604 id
1479 1575 1624 1605 eorum

46 1633 120 1688 qui
148 1633 298 1677 Museo
327 1634 465 1690 Regio
495 1635 766 1678 Berolinensi
800 1640 844 1679 et
872 1635 1074 1679 Instituto
1104 1635 1432 1691 archaeologico
1463 1635 1625 1679 Vindo-

45 1707 227 1751 bonensi
254 1712 461 1764 praesunt
489 1708 664 1752 Ricardi
694 1709 889 1753 Schoene
918 1714 962 1753 et
992 1709 1161 1753 Ottonis
1187 1709 1412 1755 Benndorf
1435 1711 1624 1754 virorum

45 1781 379 1826 clarissimorum
408 1783 599 1839 itemque
628 1797 776 1827 eorum
796 1784 870 1839 qui
900 1783 1048 1828 titulos
1079 1798 1106 1827 a
1136 1797 1183 1828 se
1206 1789 1349 1828 erutos
1369 1783 1473 1828 mihi
1495 1785 1626 1828 eden-

10 1863 15 1912 ς’
45 1855 126 1901 dos
168 1862 469 1902 concesserunt
513 1864 556 1902 et
599 1859 852 1915 apographa
893 1863 1023 1914 atque
1068 1864 1226 1915 ectypa
1265 1874 1293 1902 a
1337 1872 1385 1902 se
1429 1860 1625 1903 confecta

0 1914 345 1976 liberalissime
372 1932 478 1976 mihi
509 1933 849 1988 transmiserunt,
881 1933 1100 1977 Theodori
1121 1933 1370 1990 Wiegandii
1391 1938 1435 1977 et
1455 1934 1624 1977 Rudolfi

45 2005 308 2063 Heberdeyi‚
343 2007 528 2052 eximiae
563 2008 822 2064 benignitati
857 2008 1049 2052 debetur.
1111 2008 1222 2052 Item
1257 2008 1492 2052 Mauricius
1523 2008 1626 2051 Hol-

45 2083 187 2137 leaux,
225 2082 299 2138 qui
328 2083 415 2126 iam
446 2087 576 2127 antea
592 2083 751 2127 'studia
788 2097 887 2127 mea
924 2083 1206 2139 epigraphica
1234 2083 1515 2127 multifariam
1546 2083 1625 2127 ad-

46 2156 228 2209 iuvent,
258 2170 459 2214 magnam
479 2158 664 2213 gratiam
685 2173 712 2202 a
732 2172 801 2202 me
820 2159 917 2202 iniit
945 2172 1039 2202 cum
1061 2159 1109 2201 F.
1127 2158 1388 2201 Durrbachii
1410 2171 1626 2202 commen-

45 2231 262 2287 tationem,
301 2245 389 2286 qua
423 2231 500 2277 ille
528 2233 830 2288 gravissimum
862 2232 917 2277 de
947 2233 1184 2276 Pharnacis
1213 2233 1235 2274 I
1270 2233 1394 2275 Ponti
1430 2234 1547 2288 regis
1583 2238 1626 2275 et

47 2305 197 2361 Nysae
225 2306 371 2349 uxoris
401 2306 495 2350 eius
529 2306 760 2350 honoribus
795 2307 965 2350 titulum
996 2309 1049 2361 (n.
1074 2306 1172 2360 771)
1210 2306 1346 2350 edidit
1382 2311 1426 2350 et
1462 2307 1625 2362 insigni

48 2378 241 2423 doctrina
268 2380 512 2435 illustravit,
542 2386 760 2425 recentem
790 2395 818 2425 a
846 2382 965 2437 prelo
985 2381 1090 2424 mihi
1117 2381 1373 2434 transmisit;
1405 2381 1520 2436 quod
1541 2382 1624 2424 nisi

47 2452 208 2497 factum
245 2459 374 2510 esset,
412 2455 720 2510 pretiosissimo
755 2460 1030 2499 monumento
1066 2461 1234 2499 careret
1267 2455 1377 2499 haec
1414 2455 1622 2499 collectio.

46 2527 219 2573 Deinde
260 2542 362 2573 vero
401 2543 587 2584 magnae
631 2529 807 2573 utilitati
853 2530 957 2573 mihi
1001 2531 1175 2573 fuerunt
1218 2543 1427 2574 censurae
1471 2530 1626 2585 prioris

47 2602 288 2658 voluminis,
326 2617 382 2647 ex
411 2603 567 2658 quibus
597 2604 732 2647 multa
761 2604 998 2660 eademque
1027 2605 1284 2660 gravissima
1313 2618 1382 2647 me
1418 2603 1625 2647 didicisse

16 2680 34 2720 ,θ’
47 2677 234 2732 ingenue
262 2678 471 2733 profiteor.
528 2678 622 2730 Quo
658 2679 828 2722 nomine
858 2679 972 2722 inter
1002 2684 1172 2722 exteras
1203 2679 1402 2722 nationes
1439 2679 1622 2734 primum

47 2750 94 2794 in
112 2751 345 2806 gratiarum
364 2753 534 2796 actione
554 2753 694 2796 locum
711 2753 794 2796 sibi
809 2753 1001 2797 vindicat
1022 2754 1183 2797 Paulus
1198 2753 1420 2796 Perdrizet
1437 2753 1624 2795 Franco-

6 2813 26 2845 ’“
50 2825 192 2881 gallus
222 2826 384 2880 (Revne
413 2826 492 2870 des
522 2826 674 2871 <Studes
704 2827 939 2871 anciennes
964 2828 1024 2870 VI
1056 2826 1168 2870 1904
1196 2842 1237 2883 p.
1263 2825 1345 2869 156
1361 2826 1481 2880 sqq.)‚
1511 2826 1625 2868 inter

58 2901 280 2956 populares
318 2913 422 2944 vero
459 2900 689 2945 Udalricus
717 2901 919 2945 Wilcken
954 2902 1122 2957 collega
1160 2901 1420 2954 carissimus,
1463 2898 1537 2953 qui
1579 2900 1624 2942 in
