1858 3126
216 111 268 151 48
448 109 540 142 vul.
578 109 723 151 Imperii
749 109 900 142 Romani
923 109 1134 151 provinciae
1159 109 1363 143 orientales.
1411 111 1444 143 4.
1467 109 1563 143 Asia.
1677 110 1804 152 [¹056—

213 249 353 290 experti
378 248 451 280 sint
475 255 537 280 eos
563 255 766 289 provocare
790 244 1067 280 existimemus?
1117 246 1165 280 Cf.
1192 247 1322 280 Caesar
1346 246 1384 280 B.
1403 247 1442 280 G.
1459 248 1501 290 ll,
1519 249 1573 290 34,
1594 249 1630 280 4:
1654 245 1693 281 ei
1712 246 1803 291 forte

207 314 277 348 pro
311 314 382 338 sua
415 301 605 338 elementia
635 313 678 338 ae
708 301 998 346 maneuetudvhw,
1035 313 1163 347 quam
1199 301 1299 347 ipsi
1331 302 1384 338 ab
1420 302 1536 338 aliie
1571 302 1802 347 audirent,

212 360 397 396 statuisset
420 359 629 395 Aduatucos
652 370 726 395 esse
749 359 1020 395 conservandos.

298 543 386 587 457
429 547 474 586 In
518 546 610 586 vico
645 542 954 585 Zumarli-K'o’t‘
997 546 1316 598 septentrionem
1351 557 1497 586 versus
1542 546 1593 585 ab
1629 546 1804 586 Alaban-

214 616 399 655 densium
430 614 594 667 oppido.
651 614 750 654 Edd.
784 613 949 653 Boeckh
979 613 1022 654 C.
1044 615 1073 654 Ι.
1097 614 1141 653 G.
1170 614 1205 653 II
1234 613 1336 653 Add.
1367 627 1409 667 p.
1435 613 1545 655 ⁴⁴22
1578 627 1619 654 n.
1641 613 1800 668 290370.

213 684 642 735 Lebas-Waddington
673 684 796 723 Inscr.
820 683 885 735 111,
908 683 1004 723 549.

326 793 571 843 Ἀπόλλωνος
605 795 609 850 Ι
639 793 925 852 ἘλευθερίουῙ
955 794 1200 851 Σεβαστοῦῖ.

305 924 460 957 Litterae
484 924 654 957 ΑΘΠΣΥ.
769 926 781 954 4
812 922 907 955 Cave
931 922 1015 955 hinc
1042 922 1198 964 colligas,
1224 922 1260 955 in
1278 922 1498 956 Graecorum
1515 923 1630 955 saeris
1645 931 1802 965 usquam
1855 942 1858 958 :

208 977 430 1024 Ἐλευθέριος
461 982 633 1014 usitatam
659 980 836 1022 Apollinis
867 977 1043 1023 ἐπίκλησιν
1076 979 1198 1012 fuisse.
1246 980 1363 1012 Immo
1393 988 1477 1013 cum
1515 980 1551 1012 in
1586 979 1802 1013 universum

211 1039 386 1081 Apollinis
418 1047 551 1071 nomen
579 1038 734 1080 Augusti
766 1038 909 1079 ingenio
942 1039 978 1069 et
1020 1045 1197 1079 personae
1233 1036 1657 1071 accommodatissimum
1695 1039 1803 1079 esset,
1843 1043 1858 1074 '2

212 1098 363 1138 propter
386 1096 591 1129 libertatem
617 1096 868 1137 recuperatam
894 1103 982 1127 vero
1013 1095 1082 1127 boc
1117 1096 1396 1127 monumentum
1429 1094 1630 1136 erigeretur
1653 1094 1699 1128 ab
1722 1094 1804 1128 Ala·
1856 1119 1858 1123 .

212 1153 470 1195 hamensibus,
502 1154 592 1186 haec
622 1162 716 1195 quae
740 1152 889 1198 proprie
921 1153 1015 1184 inter
1046 1160 1085 1184 se
1115 1151 1231 1184 aliena
1262 1154 1348 1185 sunt
1380 1151 1704 1193 coniungebantur.
1750 1153 1803 1185 De
1855 1170 1858 1189 ς

212 1220 314 1244 more
338 1211 514 1244 latissime
544 1212 690 1253 patente
722 1208 1011 1252 imperatoribus
1035 1209 1205 1242 Romanis
1237 1217 1442 1251 eorumque
1473 1209 1620 1242 familiis
1649 1209 1802 1243 deorum
1852 1210 1858 1244 »ξ

212 1269 433 1301 Graecorum
458 1269 604 1301 nomina
629 1267 813 1300 tribuendi
838 1266 1082 1308 Waddington
1106 1268 1250 1308 praeter
1279 1266 1348 1300 alia
1381 1267 1599 1308 provocavit
1627 1266 1673 1300 ad
1698 1275 1803 1300 num-

214 1334 292 1358 mos
316 1326 524 1367 Magnetum
549 1325 794 1368 Sipylensium
829 1324 998 1366 (Mionnet
1022 1324 1146 1366 Suppl.
1172 1323 1284 1366 Lydie
1309 1333 1342 1357 n.
1362 1323 1453 1366 278),
1486 1324 1524 1356 in
1547 1323 1683 1366 quibus
1706 1323 1802 1358 Nero
1857 1361 1858 1364 Ἰ

212 1381 301 1419 Ζεὺς
317 1380 535 1428 Ἐλευθέριος
560 1383 815 1425 appellaretur.
864 1382 964 1414 Idem
989 1381 1101 1414 habes
1126 1382 1162 1413 in
1188 1381 1335 1414 decreto
1352 1380 1678 1424 Acraephiensium
1701 1380 1805 1423 Syll.²
1856 1410 1858 1412 .

213 1443 290 1482 376,
311 1442 364 1473 44.
382 1442 437 1473 49.
455 1443 509 1473 52.
559 1440 640 1482 Ipse
664 1440 851 1481 Augustus
875 1447 963 1471 vero
988 1439 1087 1471 lovis
1105 1438 1325 1471 Liberatoris
1350 1446 1485 1471 nomeu
1509 1439 1603 1480 gerit
1625 1438 1663 1472 in
1686 1438 1802 1472 titulis

211 1497 399 1539 Aegyptiis
416 1506 449 1529 n.
465 1499 569 1538 659,4
602 1498 638 1529 et
659 1497 793 1529 Archiv
812 1496 833 1529 f.
852 1495 1216 1538 Papyrusforsehung
1234 1496 1262 1527 11
1281 1496 1386 1537 p.434
1411 1504 1444 1528 n.
1457 1498 1491 1528 8:
1519 1491 1676 1540 Καίσαρα
1691 1492 1802 1529 Αὐτο-
1855 1487 1858 1489 ’

210 1553 360 1599 κράτορα
385 1552 468 1587 θεοῦ
493 1553 566 1586 υἱὸν
584 1551 648 1587 Δία
660 1549 904 1599 Ἐ[λευ]θέριον
923 1549 1105 1596 Σεβαστόν.
1145 1551 1272 1594 Neque
1289 1552 1393 1585 aliter
1410 1553 1662 1595 accipiendum
1679 1552 1803 1586 existi-

213 1612 390 1644 maverim
415 1611 561 1644 titulum
589 1611 777 1653 Cyitarum
802 1609 927 1643 Cariae
951 1610 1041 1643 Bull.
1059 1610 1103 1642 de
1121 1618 1215 1643 corr.
1231 1609 1318 1643 Hell.
1336 1610 1384 1642 Xl
1403 1612 1492 1643 4887
1516 1618 1552 1652 p.
1571 1611 1637 1642 306
1662 1619 1697 1643 n.
1715 1612 1747 1652 4,
1765 1612 1801 1642 6:

213 1667 321 1712 ἱερεὺς
344 1670 404 1701 τοῦ
429 1665 512 1701 θεοῦ
539 1665 712 1712 Σεβαστοῦ
736 1666 796 1701 καὶ
820 1666 1011 1713 ἀρχηγέτου
1037 1671 1100 1712 τῆς
1124 1665 1257 1704 πόλεως
1281 1663 1360 1704 Διὸς
1378 1662 1614 1711 Ἐλευθερίου.
1654 1666 1747 1700 Nam
1771 1667 1801 1699 si

211 1726 371 1758 duorum
397 1725 561 1767 deorum,
587 1725 741 1767 Augusti
765 1727 802 1758 et
825 1724 932 1767 Iovis,
956 1724 1159 1758 sacerdotia
1184 1723 1484 1767 significarentur,
1513 1725 1612 1757 certe
1636 1725 1719 1757 ante
1743 1722 1802 1768 ἀρ-

211 1781 360 1829 χηγέτου
385 1783 560 1816 articulus
590 1782 808 1825 repetendus
833 1782 912 1816 fuit.
1029 1784 1049 1813 2
1081 1781 1158 1815 Hoc
1181 1789 1315 1814 nomen
1339 1782 1392 1814 sie
1422 1781 1519 1814 nude
1542 1781 1706 1823 positum
1730 1790 1802 1814 non

211 1842 332 1882 potest
348 1840 458 1873 alium
484 1840 686 1882 significare
703 1842 813 1882 atque
831 1848 915 1872 eum
940 1839 1005 1881 qui
1027 1839 1169 1881 primus
1193 1839 1359 1872 omnium
1384 1847 1427 1872 eo
1452 1840 1603 1872 ornatus
1627 1839 1684 1872 est
1707 1847 1800 1872 auno

213 1901 254 1929 27
279 1907 309 1930 a.
327 1898 420 1939 Chr„
446 1907 520 1940 quo
547 1907 640 1930 anno
666 1898 725 1930 bic
742 1897 870 1930 titulus
887 1905 954 1930 nec
970 1897 1155 1938 antiquior
1171 1905 1251 1929 esse
1268 1898 1389 1939 potest
1404 1904 1472 1929 nec
1488 1896 1605 1928 multo
1623 1897 1803 1929 recentior

212 1964 291 1987 esse
325 1955 480 1987 videtur.
523 1955 765 1997 Waddington
797 1955 950 1996 monuit,
986 1953 1255 1987 Alabandenses
1286 1961 1506 1996 magnopere
1535 1954 1687 1986 vexatos
1721 1961 1802 1986 esse

212 2021 277 2054 per
301 2011 448 2044 Labieni
473 2013 735 2054 incursionem;
762 2011 805 2045 cf.
831 2012 977 2045 Cassius
1003 2012 1068 2044 Dio
1091 2011 1242 2054 XLvlu,
1262 2013 1316 2053 26,
1335 2013 1366 2044 3.
1385 2013 1421 2044 ⁴:
1454 2009 1472 2044 ὁ
1498 2008 1536 2044 δὲ
1559 2009 1603 2055 δὴ
1627 2007 1802 2056 Λαβιῇνος

213 2068 248 2102 ἐν
279 2066 388 2113 τούτῳ
420 2068 482 2113 τήν
515 2080 551 2102 τε
576 2066 739 2103 Κιλικίαν
770 2068 917 2115 κατέσχε
946 2068 1004 2102 καὶ
1034 2071 1096 2113 τῆς
1126 2064 1234 2106 Ἀσίας
1265 2067 1327 2106 τὰς
1357 2065 1587 2114 ἠπειρώτιδας
1615 2065 1734 2104 πόλεις
1755 2084 1798 2092 -

212 2124 445 2170 παρεστήσατο
469 2124 559 2169 πλὴν
586 2123 852 2172 Στρατονικείας,
884 2125 927 2159 τὰ
951 2125 1013 2170 μὲν
1040 2124 1183 2159 πλεῖστα
1206 2123 1286 2159 ἄνευ
1310 2123 1477 2168 πολέμου,
1507 2121 1657 2159 Μύλασα
1680 2122 1719 2157 δὲ
1741 2123 1801 2157 καὶ

210 2179 398 2227 Ἀλάβανδα
422 2181 477 2215 διὰ
500 2181 665 2216 κινδύνων
691 2181 797 2216 ἑλών·
830 2180 922 2216 οὗτοι
946 2182 1009 2227 γὰρ
1037 2180 1195 2221 ἐδέξαντο
1221 2181 1283 2226 μὲν
1308 2177 1382 2226 παρ’
1403 2180 1506 2215 αὐτοῦ
1531 2178 1709 2228 φρουρούς,
1740 2191 1802 2224 φα-

209 2238 390 2277 νεὺσαντες
416 2239 453 2273 δὲ
477 2238 599 2277 αὐτοὺς
625 2238 660 2273 ἐν
685 2239 789 2285 ἑορτῇ
812 2251 877 2273 τινι
902 2238 1118 2284 ἀπέστησαν·
1147 2237 1207 2273 καὶ
1239 2238 1295 2273 διὰ
1318 2241 1419 2272 τοῦτο
1451 2237 1531 2276 τοὺς
1555 2237 1618 2282 μὲν
1641 2234 1802 2282 Ἀλαβαν-

212 2295 290 2334 δὲας
315 2295 414 2334 αὐτὸς
438 2295 554 2341 λαβὼν
581 2295 735 2340 ἐκόλασε,
760 2296 802 2330 τὰ
827 2296 864 2330 δὲ
881 2295 923 2341 δὴ
942 2293 1091 2331 Μύλασα
1107 2294 1334 2342 ἐκλειφθέντα
1353 2294 1563 2340 κατέσκαψε.
1602 2295 1654 2329 Eo
1677 2295 1800 2328 minus

213 2355 346 2387 mirum
372 2356 427 2386 est
444 2355 648 2396 Augustum
666 2363 731 2387 eos
748 2354 932 2387 beneficiis
950 2354 1177 2387 consolatum
1195 2361 1285 2395 esse,
1310 2353 1506 2396 praecipue
1529 2352 1696 2386 libertate
1713 2360 1800 2384 eon·

213 2420 326 2453 cessa,
350 2421 461 2452 quam
487 2414 631 2453 praeter
655 2412 750 2444 hunc
775 2411 922 2444 titulum
947 2413 1101 2444 testatur
1126 2410 1260 2443 Plinius
1285 2409 1326 2443 N.
1344 2410 1428 2443 hist.
1446 2409 1487 2452 V,
1507 2411 1573 2442 ⁴⁰⁹
1606 2406 1800 2443 Alabanda

212 2467 327 2502 libera
349 2478 442 2511 quae
464 2470 677 2502 ooowentum
700 2478 784 2502 eum
807 2466 1086 2512 cognominavit.

297 2648 389 2692 458
432 2652 734 2704 Exemplarium
779 2663 882 2703 quae
927 2651 1128 2704 lapidibus
1173 2650 1294 2690 incidi
1338 2649 1529 2688 iubentur
1565 2661 1604 2688 v.
1639 2649 1690 2688 64
1707 2659 1794 2702 sqq.

213 2723 406 2773 quattuor
444 2723 620 2760 aetatem
658 2722 850 2773 tulerunt,
890 2721 1107 2759 Prienense
1143 2716 1222 2770 (P),
1267 2719 1498 2770 Apamense
1535 2715 1615 2770 (A),
1651 2717 1798 2757 Eume-

212 2791 351 2830 niense
381 2787 465 2844 (E),
498 2789 759 2842 Dorylaiense
792 2786 874 2841 (D).
931 2789 1082 2840 Integri
1110 2788 1265 2840 lapides
1297 2798 1439 2826 omnes
1470 2787 1679 2839 superiore
1706 2786 1796 2825 loco

213 2860 402 2899 Latinum
416 2860 577 2899 titulum
591 2858 811 2910 habebant,
834 2858 947 2898 euius
967 2868 1064 2910 pars
1087 2859 1250 2896 servata
1265 2857 1326 2895 est
1347 2856 1388 2894 in
1411 2854 1549 2894 tabula
1564 2854 1795 2907 Apamensi,
