1858 3126
235 153 319 194 436
421 152 513 184 VIII.
550 152 696 194 Imperii
720 152 871 185 Romani
896 154 1104 195 provinciae
1129 154 1331 187 orientales.
1381 158 1412 188 9.
1436 155 1635 198 Aegyptus.
1698 156 1824 199 [6⁹8—

235 300 278 323 ex
303 291 555 332 indigenarum
581 299 750 324 sermone
773 292 927 334 repetita
958 292 1156 325 formatum
1182 293 1371 326 habemus.
1419 294 1512 327 Nam
1545 296 1692 328 nomina
1721 295 1822 328 femi·

234 350 318 382 nina
350 349 386 381 in
419 351 505 391 -οὒς,
535 351 651 386 -οῦτος
684 349 848 382 cadentia
881 359 1061 392 nusquam
1092 351 1225 383 usitata
1256 350 1402 384 fuerunt
1429 353 1575 394 praeter
1603 352 1821 395 Aegyptum.

233 407 283 438 Ac
308 406 481 448 pleraque
507 406 657 448 quidem
683 408 759 439 tota
781 406 958 449 Aegyptia
984 409 1079 448 sunt,
1110 407 1175 440 sed
1205 408 1337 440 similia
1361 408 1471 442 huius
1495 406 1685 454 Εὐποροῦς,
1708 407 1822 444 Εὐπο-

234 466 338 510 ροῦτι,
362 461 541 510 Εὐποροῦν
575 464 688 497 habes
712 465 803 497 Berl.
828 473 879 506 gr.
905 464 986 497 Urk.
1012 465 1057 496 111
1083 474 1118 507 p.
1145 468 1164 497 5
1196 475 1231 497 n.
1256 468 1333 508 702,
1360 469 1390 499 8.
1415 469 1469 499 46.
1495 469 1550 499 22.
1598 464 1823 512 Δημαροῦτος

231 521 319 554 ibid.
345 530 380 564 p.
401 524 442 554 85
468 530 502 554 n.
523 521 729 563 78⁴V1‚⁴4.
773 518 977 568 Δημητροῡς
1003 522 1088 554 ibid.
1114 531 1149 564 p.
1170 525 1234 554 ⁴37
1260 531 1294 555 n.
1314 525 1392 565 822,
1408 526 1463 556 25.
1494 532 1528 566 p.
1548 526 1608 556 ⁴8⁴
1640 533 1675 557 n.
1693 527 1772 567 859,
1790 527 1821 557 4.

231 588 310 620 gen.
328 576 575 624 Δημητροῦτος
599 588 634 612 v.
653 581 684 611 7.
703 582 756 612 48.
776 581 830 612 28.
866 576 1035 624 Χαριτοῦν
1061 589 1097 622 p.
1116 581 1181 612 ⁴42
1206 589 1241 612 n.
1259 583 1337 623 827,
1355 583 1411 622 28,
1436 581 1536 623 quod
1559 589 1646 614 sane
1667 582 1777 615 etiam
1801 591 1823 615 a

231 634 369 681 Χαριτώ
394 637 551 669 derivari
575 638 707 678 potest.
827 638 844 668 4
878 637 972 669 Cave
998 637 1041 669 de
1067 637 1278 679 municipali
1303 638 1461 670 civitatis
1479 638 1684 671 Thebarum
1709 639 1822 681 magi-

231 696 349 727 stratu
373 694 600 735 cogitaveris.
650 693 741 727 Nam
767 695 803 726 in
824 694 894 727 hoc
918 703 1048 736 genere
1079 695 1229 737 pluralis
1254 693 1417 741 ἄρχοντες
1447 695 1595 737 quidem
1626 696 1822 729 usitatissi-

231 761 314 784 mus
339 754 394 785 est
418 752 455 784 in
478 751 657 794 Aegypto,
691 753 733 783 ut
763 752 927 784 omnium
961 752 1238 793 magistratuum
1274 753 1464 794 collegium
1490 751 1680 799 (συναρχίαι)
1713 753 1822 795 signi-

230 809 369 851 ficetur,
395 809 588 850 singularis
613 807 730 854 ἄρχων
758 818 843 842 vero
869 809 913 842 de
937 819 1010 842 uno
1028 811 1126 842 certo
1145 810 1262 842 officio
1281 811 1419 843 alienus
1444 820 1464 843 a
1485 811 1638 843 sollenni
1661 812 1822 844 sermoni

230 869 266 899 et
302 867 488 900 rarissime
525 867 750 908 neglegentia
785 867 943 908 quadam
985 869 1185 909 usurpatus
1227 867 1280 909 (cf.
1317 868 1351 900 F.
1381 868 1562 910 Preisigke
1598 867 1821 901 Stadtisches

229 926 525 958 Beamtenwesen
551 926 599 957 im
627 925 834 958 romischen
858 925 1046 967 Aegypten
1071 934 1106 967 p.
1127 925 1197 966 ⁴4);
1229 925 1321 958 adde
1345 925 1445 967 quod
1477 926 1607 959 civitas
1631 925 1820 959 Thebano-

230 993 311 1015 rum
348 985 384 1015 et
420 983 710 1015 Ptolemaeorum
748 983 784 1014 et
816 983 1062 1015 Romanorum
1098 984 1215 1015 aetate
1251 992 1323 1015 non
1355 980 1466 1027 Θῆβαι
1504 983 1719 1026 appellatur,
1755 983 1821 1016 sed

229 1038 412 1077 Διόσπολις
435 1037 459 1083 ἡ
486 1038 620 1084 μεγάλη
647 1039 701 1079 (cf.
727 1049 760 1072 n.
781 1039 890 1080 6548).
940 1039 990 1072 Ex
1022 1040 1134 1072 altera
1164 1041 1267 1082 parte
1297 1049 1415 1082 neque
1439 1041 1701 1082 epistrategum
1725 1040 1820 1073 The-

228 1098 347 1131 baidis
372 1106 490 1139 neque
516 1098 718 1139 strategum
744 1098 846 1130 nomi
870 1097 1027 1139 intellegi
1052 1097 1146 1130 licet.
1193 1097 1287 1130 Nam
1317 1099 1402 1139 post
1424 1098 1640 1131 Diocletiani
1670 1098 1820 1140 quidem

228 1158 383 1188 aetatem
410 1153 522 1199 Θῆβαι
546 1164 614 1196 pro
640 1152 772 1198 Θηβαΐς
796 1155 992 1196 aliquando
1023 1155 1161 1187 dictum
1194 1163 1274 1187 esse
1298 1155 1418 1196 arguit
1445 1155 1574 1188 titulus
1598 1165 1632 1188 n.
1652 1158 1729 1196 690,
1748 1158 1779 1188 4.
1798 1158 1818 1187 2

229 1212 379 1259 ἔπαρχος
403 1210 539 1255 Θηβῶν.
588 1212 656 1244 Sed
682 1221 800 1254 neque
824 1212 909 1244 hinc
933 1212 1053 1253 colligi
1077 1212 1172 1252 licet,
1202 1212 1275 1245 iam
1300 1211 1439 1254 aliquot
1462 1213 1618 1245 saeculis
1643 1214 1725 1245 ante
1748 1213 1820 1245 hoc

228 1271 385 1312 licuisse,
410 1278 528 1312 neque
553 1270 795 1311 epistrategus
821 1271 884 1302 aut
909 1271 1089 1311 strategus
1114 1278 1271 1311 usquam
1296 1267 1412 1316 ἄρχων
1437 1269 1651 1312 appellatur.
1699 1269 1819 1308 Quare

228 1329 350 1360 nescio
376 1337 421 1360 an
445 1325 595 1372 ἄρχοντα
621 1324 745 1370 Θηβῶν
771 1327 830 1359 hic
854 1326 1010 1359 eundem
1035 1327 1267 1369 interpretari
1290 1327 1461 1368 praestet,
1492 1327 1556 1368 qui
1579 1326 1666 1360 alibi
1687 1324 1819 1373 θηβιὶῥ-

227 1396 294 1431 χης
319 1385 421 1418 audit
446 1384 499 1425 (cf.
525 1394 558 1416 n.
579 1383 688 1424 4904).
738 1385 829 1416 Saue
853 1384 923 1416 hoc
947 1393 1096 1426 quoque
1128 1385 1205 1416 sine
1230 1384 1396 1426 exemplo
1429 1385 1495 1426 est,
1527 1384 1592 1417 sed
1617 1384 1817 1417 similitudo

227 1443 357 1476 harum
383 1443 540 1474 duarum
565 1441 849 1484 appellationum
877 1442 976 1474 tanta
1001 1444 1066 1484 est,
1100 1443 1141 1474 ut
1168 1441 1398 1474 coniecturae
1430 1450 1532 1474 meae
1560 1441 1670 1474 fidem
1701 1440 1818 1475 faeere

228 1500 405 1532 videatur.
455 1500 534 1531 Fuit
559 1499 672 1540 igitur
695 1500 799 1531 Soter
822 1499 1027 1540 praefectus
1053 1500 1173 1540 regius
1200 1498 1327 1541 oppidi
1351 1498 1568 1532 Thebarum.

313 1692 405 1736 699
447 1695 563 1734 Basis
599 1698 758 1734 statuae
794 1699 910 1734 eruta
956 1707 1063 1735 anno
1103 1696 1211 1735 4849
1251 1708 1302 1735 ex
1344 1695 1665 1748 aquaeductibus
1699 1695 1815 1735 urbis

225 1765 506 1804 Alexandriae.
549 1764 651 1803 Edd.
676 1763 764 1803 Gau
783 1764 1008 1815 Antiquites
1029 1764 1079 1803 de
1099 1765 1138 1802 la
1159 1764 1288 1803 Nuhie
1312 1765 1394 1804 tab.
1416 1765 1454 1803 X
1473 1777 1513 1804 n.
1531 1762 1599 1805 27.
1652 1763 1698 1804 G.
1717 1764 1816 1804 Cor-

226 1834 324 1873 dero
365 1832 422 1872 de‘
448 1833 564 1873 Conti
596 1833 637 1871 di
668 1833 705 1872 S.
731 1833 933 1884 Quintino,
970 1832 1157 1871 Giornale
1186 1833 1380 1872 Arcadico
1413 1833 1521 1873 ⁴823
1558 1845 1599 1885 p.
1621 1833 1705 1873 206
1722 1845 1811 1885 sqq.
1857 1884 1858 1887 Ἴ

226 1901 273 1956 (J.
296 1903 425 1941 Franz
458 1902 499 1942 C.
528 1902 555 1940 I.
586 1901 632 1940 G.
662 1901 802 1953 4684).
854 1901 912 1940 Cf.
950 1900 1298 1941 Raoul-Rochette
1333 1902 1500 1940 Journal
1537 1901 1609 1940 des
1645 1902 1813 1940 savants
1856 1889 1858 1942 ἶ

225 1972 327 2011 Nov.
354 1971 461 2010 ⁴824
494 1984 534 2022 p.
561 1971 658 2010 694.
718 1971 922 2010 Letronne
966 1982 1032 2022 ap.
1078 1971 1171 2009 Bar.
1209 1969 1259 2008 de
1293 1969 1492 2008 Ferussac
1531 1969 1704 2009 Bulletin
1741 1969 1813 2009 des
1855 1971 1858 1984 ¹

225 2041 402 2080 sciences
433 2039 681 2091 historiques
710 2040 745 2078 Π
774 2052 814 2091 p.
839 2039 921 2079 262
939 2051 1027 2091 sqq.

341 2149 505 2207 Πάππῳ
535 2150 807 2207 Θεογνώστυιι)1
838 2149 1001 2198 Βάσσος
1032 2149 1260 2206 Στράτωνος
1291 2149 1533 2206 ἐπιμελητὴς
1562 2152 1633 2192 τοῦ
1661 2151 1812 2192 τόπουῖ

315 2292 472 2323 Litterae
487 2283 845 2331 AAAeelxnoeemel
858 2293 920 2323 v.3
939 2291 1067 2329 Fica).
1162 2291 1174 2320 4
1206 2289 1385 2322 Medicum
1402 2289 1615 2330 intellegunt
1631 2288 1810 2321 Letronne
1839 2283 1851 2314 ῖῗ

223 2352 258 2381 et
282 2349 406 2390 Franz,
431 2348 490 2380 cui
515 2348 658 2390 Bassus,
691 2356 774 2380 cum
800 2356 894 2379 uxor
917 2347 976 2380 vel
999 2347 1071 2379 filia
1101 2346 1146 2379 ab
1176 2355 1220 2379 eo
1251 2348 1377 2380 sanata
1405 2348 1512 2388 esset,
1543 2346 1621 2378 voti
1645 2345 1810 2378 solvendi

222 2414 331 2438 causa
354 2406 448 2437 hanc
472 2406 630 2437 statuam
660 2405 892 2437 dedicaverit.
940 2404 1066 2446 Neque
1099 2404 1205 2436 aliam
1231 2404 1339 2437 video
1365 2403 1673 2445 interpretationis
1698 2403 1807 2445 viam,

221 2462 392 2503 quoniam
420 2459 555 2504 Πάππῳ
582 2459 768 2505 Θεογώστῳ
793 2462 920 2503 utique
945 2462 1003 2494 dei
1027 2462 1192 2494 heroisve
1217 2462 1364 2494 nomina
1385 2469 1466 2494 esse
1489 2460 1685 2502 nequeunt.
1725 2460 1808 2492 Per-

221 2520 355 2551 mirum
394 2527 480 2550 sane
517 2520 647 2550 votum
688 2518 826 2550 bomini
866 2518 1002 2551 factum
1035 2520 1070 2551 et
1106 2519 1297 2551 anathema
1333 2519 1366 2550 ei
1399 2518 1664 2551 consecratum.
1713 2516 1808 2555 Quin

220 2573 355 2620 Πάππῳ
381 2573 587 2620 Θεογνώστῳ
623 2575 765 2607 dicatur
797 2584 863 2616 pro
889 2572 1024 2618 Πάππῳ
1048 2575 1098 2620 τῷ
1126 2574 1185 2608 ’καὶ
1209 2573 1416 2620 Θεογνώστῳ
1450 2584 1523 2608 non
1555 2576 1611 2607 est
1641 2573 1806 2606 dubium.

219 2634 311 2667 Nam
337 2634 368 2666 si
391 2631 520 2677 πάππῳ
546 2641 678 2665 nomen
704 2632 962 2674 appellativum
980 2632 1209 2674 iudicaveris,
1233 2641 1306 2664 non
1321 2632 1430 2664 video
1454 2631 1641 2673 quomodo
1658 2631 1807 2663 titulum

219 2692 425 2733 intellegere
448 2690 579 2733 possis.
697 2692 717 2721 2
748 2689 839 2722 Cum
864 2689 900 2722 in
924 2688 1016 2721 urbe
1039 2689 1254 2721 Alexandria
1277 2689 1447 2721 inventus
1471 2689 1519 2720 sit
1542 2688 1645 2730 lapis,
1677 2688 1807 2730 utique
1826 2680 1827 2683 ’

220 2750 263 2782 de
288 2750 348 2782 illa
372 2748 530 2781 nominis
553 2745 657 2784 τόπος
681 2747 729 2789 vi,
761 2756 831 2789 qua
863 2748 1002 2789 partem
1035 2747 1134 2779 nomi
1167 2745 1354 2787 significat,
1387 2754 1481 2787 quae
1510 2745 1591 2787 ipsa
1615 2753 1744 2777 rursus
1769 2745 1807 2777 in

220 2807 343 2849 plures
368 2807 470 2839 vicos
495 2804 638 2848 (κώμας)
665 2804 848 2838 dividatur
873 2805 917 2846 (n.
936 2803 1024 2846 854),
1049 2804 1110 2836 hic
1133 2803 1283 2844 cogitari
1306 2811 1381 2835 non
1405 2803 1500 2836 licet.
1549 2802 1618 2835 Sed
1642 2802 1704 2835 vix
1729 2809 1819 2834 mes

217 2865 289 2897 lius
333 2865 399 2906 est,
444 2862 543 2905 quod
578 2862 750 2895 Franzius
794 2862 996 2904 proposuit,
1044 2862 1253 2894 curatorem
1289 2860 1392 2893 urbis
1432 2861 1555 2902 potius
1597 2859 1804 2900 intellegen-

219 2922 317 2954 dum.
365 2920 459 2954 Nam
482 2920 810 2953 Alexandrinorum
836 2919 965 2952 urbem
990 2928 1152 2961 unquam
1175 2916 1278 2951 τόπον
1310 2918 1528 2960 appellatam
1552 2925 1632 2950 esse
1657 2917 1813 2950 omnino*
