1858 3126
192 148 276 189 640

239 282 460 329 βοηθήσαντα
500 281 617 319 αὐτοῖς
658 281 740 323 (τοῖς
777 279 949 326 ἐμπόροις)

238 341 316 383 638,
337 345 367 373 2.
417 337 550 384 έβαθόη
574 339 607 382 4,
628 345 682 373 21.
728 336 886 382 βαθόεντι
909 340 952 371 τᾶ

238 396 335 431 πόλει
359 396 418 430 καὶ
446 399 489 430 τᾶ
519 394 634 429 δικαία
664 395 695 439 8,
716 400 770 428 27.
790 401 843 429 28.
892 393 951 439 βα-

237 453 353 489 θόεντι
390 456 434 487 τᾶ
473 452 574 487 πόλει
612 452 670 487 καὶ
709 455 782 489 τοῖς
817 450 952 496 νόμοισι

238 512 269 555 8,
290 519 342 546 77.
364 517 403 544 78

191 567 319 614 βοηθὸς
345 566 538 614 ἐπιτρόπων
558 565 716 613 ρεγιῶνος
733 563 950 612 Φιλαδελφη-

236 628 298 671 νῆς
324 625 402 668 526,
424 631 438 658 1

191 682 316 729 βορρᾶς
343 683 419 725 176,
441 689 470 716 8.
499 681 575 724 178,
596 688 635 715 10

191 738 378 784 βουθουσία
402 740 479 781 595,
501 745 552 772 11.
573 744 613 771 26

191 795 383 841 βουθυτέω·
415 793 649 841 ἐβουθύτησαν
675 795 752 838 352,
773 802 825 830 78.
867 794 950 839 βου-

235 852 386 898 θυτήσας
435 852 512 895 764,
556 859 609 886 51.
679 851 951 897 βουθυτήσαντες

236 911 315 953 248,
337 917 375 943 19

189 966 383 1016 βούλαρχος
410 966 487 1010 516,
506 973 523 999 4

188 1024 448 1070 βουλευτήριον·
473 1020 761 1068 Ἁλικαρνασσέων
786 1024 843 1067 46,
865 1030 904 1058 10

189 1081 376 1128 βουλευτής
394 1081 472 1124 209,
485 1087 514 1114 4.
541 1081 659 1123 644,2.
686 1080 804 1123 67l,3.
831 1080 950 1123 755‚4.

235 1137 417 1183 βουλευταί
465 1138 543 1181 515,
581 1144 634 1171 41.
674 1144 728 1170 44.
782 1137 862 1180 764,
898 1143 949 1172 13.

235 1194 415 1241 βουλευταὶ
441 1194 541 1240 ἱερεῖς
566 1193 600 1228 ἐν
625 1192 788 1240 Αἰγύπτῳ
821 1194 876 1238 56,
895 1200 949 1228 29.

237 1260 290 1287 30.
311 1258 351 1286 72

188 1309 359 1355 βουλεύω·
387 1307 561 1355 βουλεύειν
582 1308 660 1354 περὶ
684 1311 745 1342 τοῦ
770 1306 949 1354 ἀναθήμα-

232 1379 291 1404 τος
315 1366 373 1401 τὸν
407 1366 518 1413 δῆμον
549 1365 627 1409 218,
649 1371 724 1399 125.
771 1365 789 1399 ὀ
823 1365 860 1400 δὲ
891 1365 949 1399 δᾶ-

236 1436 299 1469 μος
323 1443 370 1448 -
394 1421 586 1468 βολλευέτω
617 1423 648 1466 2,
669 1429 722 1456 34.
773 1421 951 1468 βουλευόν-

232 1494 300 1515 των
321 1481 366 1523 (ἐν
385 1478 544 1526 Δελφοῖς)
568 1481 623 1523 66,
636 1488 666 1514 5.
693 1481 770 1523 150,
783 1486 811 1513 2.
838 1480 946 1524 345,2

188 1537 297 1584 βουλή
317 1536 474 1582 passim.
517 1536 625 1583 βουλὴ
643 1542 710 1570 τῶν
727 1528 763 1584 χ’
788 1537 834 1578 (ἐν
850 1534 948 1582 Ἀθή-

232 1596 314 1637 ναις)
325 1595 404 1638 428,
415 1601 444 1627 2.
469 1598 536 1627 τῶν
551 1585 586 1638 φ’
596 1593 672 1636 587,
687 1601 739 1628 14.
764 1593 788 1638 ἡ
803 1593 911 1639 βουλὴ
924 1593 947 1640 ἡ

234 1650 268 1690 ἐξ
284 1648 410 1697 Ἀρείου
423 1651 532 1697 πάγου
549 1650 662 1694 428,1.
686 1651 799 1694 505,1.
822 1652 946 1694 587,13

187 1707 365 1754 βούλησις·
403 1707 493 1742 κατά
532 1719 607 1741 τινα
647 1706 742 1742 θείαν
787 1707 947 1754 βούλησιν

232 1766 312 1810 458,
333 1773 384 1800 15.
425 1765 469 1813 τῇ
491 1767 551 1799 τοῦ
577 1763 658 1799 θεοῦ
677 1762 850 1809 Σεβαστοῦ
869 1764 948 1810 βου-

231 1821 330 1868 λήσει
362 1823 440 1866 669,
467 1829 519 1855 17.
567 1821 692 1868 γίνοιτο
726 1821 764 1855 δὲ
792 1822 837 1869 τῇ
869 1821 948 1867 βου-

232 1879 330 1925 λήσει
355 1891 421 1924 μου
445 1879 504 1913 καὶ
528 1878 570 1912 τὰ
602 1878 786 1925 πράγματα
811 1879 948 1918 συνεξα-

231 1934 413 1970 κολουθεῖν
439 1935 516 1978 763,
538 1942 576 1969 46

187 1991 516 2038 βουλογραφήσαντα
541 1991 587 2034 (ἐν
613 1988 764 2038 Ἀγκύρᾳ)
792 1993 868 2035 549,
889 1999 906 2026 2

186 2048 267 2093 βοῦς
300 2049 377 2092 352,
404 2055 457 2082 52.
498 2046 592 2082 θύειν
623 2067 669 2072 -
700 2047 780 2092 βοῦν
810 2049 946 2094 τριέτην

233 2106 289 2148 55,
309 2111 362 2139 27.
383 2111 435 2139 28.
469 2104 537 2139 ἀπὸ
554 2109 604 2138 τῶ
623 2104 702 2149 βόος
719 2111 768 2139 τῶ
785 2105 946 2151 θυομένω

233 2162 361 2206 78,17.
410 2160 487 2206 βόες
520 2162 598 2205 200,
626 2168 679 2195 13.
706 2169 759 2196 15.
789 2163 867 2207 214,
893 2169 944 2206 62.

233 2219 324 2264 βοῶν
351 2217 410 2256 οὓς
434 2218 663 2265 ἀγοράσαντες
692 2219 732 2254 ἐκ
756 2224 818 2265 τῆς
843 2219 946 2254 αὐτοῦ

232 2275 437 2322 ἐξηγάγοντο
469 2276 620 2319 748,11.
666 2275 746 2314 τοὺς
776 2276 946 2323 ἀροτῆρας

234 2332 317 2377 βόας
343 2334 420 2376 519,
442 2339 482 2366 21

186 2389 359 2435 βραδύνω·
388 2389 447 2423 καὶ
472 2389 527 2424 διὰ
550 2392 650 2423 τοῦτο
675 2389 733 2424 καὶ
757 2389 780 2435 ἡ
806 2389 946 2437 εὐπορία

229 2464 278 2470 -
299 2450 367 2479 τῶν
393 2446 507 2492 φόρων
533 2446 691 2491 βραδύνει
715 2447 792 2490 515,
813 2455 853 2482 53

186 2502 328 2549 βραδύς·
368 2506 428 2537 τοῦ
467 2502 620 2548 βράδειον
656 2502 848 2538 ἀπολαῦσαι
881 2504 943 2550 τὴν

230 2559 329 2594 πόλιν
377 2564 439 2606 τῆς
486 2558 727 2606 προσηκούσης
774 2560 943 2605 προσόδου

231 2617 310 2661 502,
333 2624 369 2651 17
872 2631 875 2633 -

184 2673 300 2722 βρέχω
309 2684 316 2692 ·
334 2673 419 2719 πρὸς
430 2674 470 2708 τὸ
483 2672 614 2721 ἀληθὲς
626 2677 687 2720 τῆς
701 2672 806 2719 οὔσης
819 2673 944 2719 ἀναβά-

231 2742 317 2769 σεως
332 2731 463 2777 καὶτῆς
478 2730 708 2779 βεβρεγμένης
726 2736 789 2777 γῆς
810 2732 888 2776 669,
901 2739 940 2765 57

185 2787 330 2833 βρωτός·
354 2794 422 2822 τῶν
441 2788 581 2835 βρωτῶν
601 2789 640 2823 τὸ
656 2788 744 2823 κατὰ
760 2789 816 2823 τὸν
838 2789 942 2835 νόμον

229 2848 289 2879 τοῦ
315 2845 424 2891 γόμου
443 2845 604 2892 δηνάριον
629 2844 766 2893 εἵστημι
790 2845 944 2882 δίδοσθαι

232 2902 309 2946 629,
331 2910 392 2937 159

906 143 1057 177 Indices.

1022 277 1257 327 βυβλιοθήκη·
1303 278 1508 326 τεταγμένον
1549 277 1605 312 ἐπὶ
1641 281 1704 323 τῆς
1745 277 1780 312 ἐν

1066 334 1296 383 Ἀλεξανδρείᾳ
1343 335 1496 383 μεγάλης
1544 333 1780 382 βυβλιοθήκης

1070 395 1146 438 172,
1167 401 1197 429 6.
1244 393 1300 428 ἐπὶ
1329 398 1397 428 τῶν
1427 392 1463 428 ἐν
1489 389 1616 439 Ῥώμῃ
1653 390 1781 438 βιβλιο-
1850 411 1852 413 >

1067 451 1188 498 θηκῶν
1207 446 1414 496 Ῥωμαϊκῶν
1438 462 1476 484 τε
1493 449 1553 484 καὶ
1566 445 1779 496 Ἑλληνικῶν

1068 509 1146 553 679,
1168 517 1185 542 5

1023 564 1148 612 βύβλος
1158 576 1165 584 ·
1190 564 1532 613 καταχωρισθήσεται
1548 563 1596 603 εἰς
1611 563 1672 603 τὰς
1689 563 1781 611 ἱερὰς

1069 622 1216 668 βύβλους
1242 624 1296 667 56,
1317 630 1356 656 70

1022 680 1160 725 βύσσινα
1184 680 1302 715 ὀθόνια
1327 681 1382 724 90,
1403 687 1454 714 17.
1473 686 1514 714 29

1022 737 1138 784 βωμός
1163 739 1260 781 6,21.
1288 738 1340 781 17,
1356 744 1385 771 ο.
1413 737 1507 781 52,3.
1533 737 1659 780 55,25.
1684 736 1780 780 97,9.
1845 734 1848 738 ’

1071 796 1146 838 102,
1175 803 1204 829 5.
1248 795 1324 838 103,
1352 802 1382 828 τ.
1438 795 1514 838 168,
1542 802 1571 828 τ.
1622 793 1700 837 175,
1728 799 1781 827 11.

1069 852 1147 897 225,
1174 859 1227 886 46.
1268 852 1346 896 229,
1371 858 1425 886 84.
1466 851 1545 894 332,
1570 858 1622 885 10.
1648 857 1701 885 13.
1725 856 1780 884 43.
1847 855 1851 870 ³

1069 910 1148 953 365,
1176 917 1205 943 5.
1252 910 1330 953 423,
1357 916 1388 943 ο.
1433 909 1512 952 496,
1540 915 1592 943 12.
1644 908 1723 951 526,
1751 915 1780 942 3.
1846 905 1849 948 j

1069 966 1147 1009 533,
1175 973 1229 1000 77.
1277 966 1356 1009 607,
1383 972 1414 1000 0.
1460 966 1539 1010 620,
1566 972 1596 999 7.
1645 965 1723 1008 623,
1751 972 1781 998 7.

1068 1023 1146 1067 634,
1166 1030 1197 1059 2.
1239 1023 1356 1069 βωμὸς
1387 1021 1554 1068 βασιλέως
1577 1020 1780 1068 Λυσιμάχου

1071 1081 1124 1123 11,
1145 1087 1197 1114 17.
1247 1078 1416 1126 βασιλέως
1449 1077 1620 1114 Σελεύκου
1652 1079 1730 1123 212,
1750 1086 1780 1113 5.
1837 1126 1839 1128 q

1067 1136 1159 1183 παρὰ
1170 1136 1238 1182 τὸμ
1251 1137 1368 1183 βωμὸν
1379 1141 1447 1170 τῶν
1463 1135 1629 1181 βασιλέων
1643 1135 1780 1179 222,42.

1068 1194 1160 1240 παρὰ
1176 1195 1226 1240 τῷ
1245 1193 1354 1240 βωμῷ
1370 1196 1431 1228 τοῦ
1449 1191 1622 1240 Σεβαστοῦ
1639 1193 1780 1236 532,41.

1070 1250 1183 1296 βωμοί
1219 1252 1251 1296 8,
1269 1259 1300 1285 4.
1338 1251 1393 1295 56,
1412 1257 1465 1285 52.
1511 1251 1566 1296 65,
1585 1258 1615 1286 8.
1651 1251 1707 1295 90,
1727 1257 1780 1291 34.

1069 1310 1148 1354 383,
1171 1316 1246 1343 143.
1287 1307 1378 1355 παρὰ
1400 1311 1473 1346 τοῖς
1491 1309 1624 1355 βωμοῖς
1637 1311 1698 1343 τοῦ
1716 1305 1781 1343 Σε-
1837 1336 1839 1338 .

1068 1367 1194 1412 βαστοῦ
1221 1367 1298 1410 532,
1318 1373 1358 1401 38
1829 1363 1831 1366 ⁴

1020 1480 1122 1528 γάζα·
1159 1480 1370 1526 ἀνακομίσας
1401 1479 1454 1523 (τὰ
1486 1478 1570 1526 ἱερὰ)
1602 1479 1689 1525 μετὰ
1717 1483 1779 1526 τῆς
1845 1500 1850 1504 -

1067 1537 1177 1584 ἄλλης
1200 1538 1307 1585 γάζης
1332 1538 1387 1581 54,
1405 1544 1460 1572 21.
1479 1543 1520 1572 22
1831 1570 1833 1572 ,

1020 1594 1288 1642 γαζοφυλάκιον·
1325 1594 1388 1641 τὴν
1421 1593 1460 1628 δὲ
1492 1594 1598 1640 τιμὴν
1627 1612 1674 1619 -
1703 1593 1780 1628 ἀνε-
1835 1592 1837 1594 ’

1066 1656 1198 1698 νεγκεῖν
1223 1651 1272 1690 εἰς
1295 1652 1335 1686 τὸ
1365 1651 1454 1687 κατὰ
1478 1650 1656 1698 στρατείαν
1679 1651 1780 1699 γαζο-
1828 1642 1829 1645 ¹

1067 1708 1234 1755 φυλάκιον
1259 1710 1337 1752 225,
1358 1717 1397 1744 16

1019 1765 1240 1814 γαλατοίρχης
1263 1767 1341 1810 542,
1361 1773 1392 1800 2.
1412 1774 1442 1801 3.
1468 1767 1546 1810 547,
1562 1773 1614 1801 11.
1639 1749 1754 1810 549,'3
1827 1771 1833 1786 ³
1854 1768 1856 1770 ’

1018 1823 1186 1870 γαληνός·
1211 1823 1344 1858 πάντων
1367 1842 1415 1849 —
1438 1822 1567 1869 ἤρεμον
1590 1823 1650 1858 καὶ
1672 1822 1779 1870 γαλη-
1827 1862 1830 1866 ,

1064 1881 1120 1915 νὸν
1144 1880 1202 1914 τὸν
1229 1880 1301 1926 βίον
1327 1880 1508 1926 διαγόντων
1534 1881 1610 1924 519,
1631 1888 1670 1915 11

1018 1938 1171 1983 γαμβρός
1197 1939 1273 1980 331,
1294 1945 1323 1971 6.
1350 1937 1427 1980 546,
1447 1944 1464 1970 5

1017 1995 1147 2040 γαμετή
1174 1995 1253 2037 206,
1274 2001 1290 2027 9

1017 2049 1152 2097 γαμέω·
1177 2051 1235 2084 τὸν
1260 2050 1462 2095 γαμήσαντα
1485 2049 1682 2097 βασίλισσαν
1695 2047 1776 2086 Ῥο-
1816 2087 1823 2095 Ἰ,

1064 2105 1229 2153 δογούνην
1255 2107 1333 2151 391,
1353 2115 1383 2141 8.
1408 2108 1486 2152 392,
1507 2115 1546 2141 11

1016 2167 1145 2209 γεῖσον·
1172 2163 1387 2210 στεγάζοντες
1403 2183 1450 2190 —
1467 2163 1609 2211 γείσεσιν
1633 2163 1776 2203 λιθίνοις

1063 2221 1141 2263 483,
1163 2227 1237 2255 127.
1277 2221 1319 2255 τὰ
1343 2221 1436 2268 γείση
1461 2222 1540 2266 483,
1562 2229 1623 2257 129
1813 2219 1815 2221 ’

1015 2277 1157 2324 γειτνία·
1182 2277 1270 2312 κατὰ
1293 2277 1436 2324 γειτνίαν
1462 2279 1539 2322 383,
1559 2286 1599 2314 98
1807 2317 1810 2319 Α

1015 2334 1209 2381 γειτνίασις·
1234 2334 1296 2379 τὴν
1313 2334 1491 2382 γειτνίασιν
1514 2337 1656 2380 483,32.
1685 2337 1774 2371 κατὰ
1809 2359 1814 2372 .-

1061 2391 1122 2430 τὰς
1146 2392 1341 2438 γειτνιάσεις
1364 2392 1444 2436 483,
1463 2399 1503 2426 27

1014 2449 1187 2496 γειτνιάω·
1226 2448 1302 2487 ὁδὸς
1332 2468 1378 2474 --
1406 2449 1669 2496 καταρηρομένη
1707 2448 1772 2484 ὑπὸ
1793 2433 1806 2481 ‘f
1850 2460 1854 2463 ·

1059 2512 1127 2541 τῶν
1157 2507 1379 2553 γειτνιώντων
1411 2507 1489 2550 225,
1514 2513 1568 2541 45.
1618 2507 1674 2542 τὸν
1704 2505 1772 2543 ἀπὸ
1790 2511 1803 2542 ἶ

1059 2569 1127 2597 τῶν
1185 2564 1407 2611 γειτνιώντων
1461 2561 1604 2609 Θρᾳκῶν
1665 2563 1772 2610 φόβον

1061 2621 1139 2664 339,
1161 2628 1198 2655 17
1802 2622 1805 2623 ’

1014 2677 1149 2724 γείτων·
1189 2676 1336 2724 γείτονες
1371 2677 1450 2721 483,
1482 2684 1557 2713 103.
1590 2683 1665 2712 123.
1695 2682 1801 2711 124.4

1065 2742 1234 2769 135.140.
1257 2742 1331 2769 156.
1351 2741 1413 2768 210
1792 2756 1802 2771 V·

1013 2790 1157 2836 γεμίζω·
1181 2791 1348 2837 τραπέζας
1374 2791 1435 2836 μὲν
1462 2790 1552 2836 ἱερὰς
1575 2788 1803 2837 πρεπούσηςγΞ

1059 2846 1177 2894 θοίνης
1202 2847 1349 2894 γεμίζων
1375 2848 1453 2891 383,
1475 2855 1536 2882 146
1794 2838 1801 2842 '⁴

1013 2904 1200 2952 γενεάρχης
1226 2905 1302 2948 531,
1323 2912 1352 2938 3.
1373 2912 1389 2938 7
1411 2920 1418 2923 -
