1858 3126
105 124 163 157 111.
197 122 355 157 Nomina
377 120 531 154 deorum
555 121 594 152 et
615 119 768 152 heroum
792 125 878 150 cum
902 115 1050 158 templis
1072 114 1233 148 delubris
1257 113 1479 147 sacerdotiis.
1528 113 1614 155 599

79 260 204 304 217,4.
227 258 372 302 219,2ο.
385 264 441 292 29.
457 257 576 300 245,3.
590 261 644 290 32.
669 255 789 297 247,9.

81 317 160 360 248,
193 323 248 351 57.
283 315 366 358 255,
395 321 425 348 5.
465 313 545 356 256,
574 319 606 347 9.
650 312 729 355 259,
758 318 789 345 6.

81 373 161 417 261,
185 380 216 408 5.
252 371 332 415 266,
357 377 412 405 52.
455 370 535 413 301,
561 375 614 404 12.
649 368 728 411 343,
758 374 789 400 7.

81 431 164 474 344,
192 436 223 464 ο.
263 429 342 470 350,
369 434 400 462 6.
445 427 524 469 418,
555 432 587 462 2.
627 425 705 469 527,
737 431 790 459 13.

36 513 42 519 .
82 486 162 529 530,
192 492 225 522 3.-
270 486 350 528 717,
379 491 411 518 4.
458 483 539 526 744,
570 490 600 517 3.
647 481 726 524 746,
759 487 791 515 3.

82 544 233 586 767,14.
253 547 295 576 25

81 598 258 646 Δαφναῖος
286 598 365 642 244,
383 603 421 632 21
434 596 487 640 (3).
525 566 553 630 ,ὁ
582 594 639 630 ἐπὶ
671 591 790 642 Δάφνῃ

128 656 208 699 245,
226 661 244 689 6
346 680 351 687 .

83 710 249 758 Διδυμεὺς
273 711 352 755 227,
371 717 402 744 5.
425 679 505 753 472,
524 716 576 744 11.
595 715 634 743 21

83 767 211 814 Δήλιος
234 767 313 810 249,
333 775 364 802 ε.
389 767 468 809 256,
487 773 505 800 ι

78 822 299 870 Ἐλευθέριος
320 823 400 866 457,
420 831 435 858 1

82 877 248 927 ’ἰσότιμος
271 880 350 923 234,
369 886 410 914 25

82 935 230 976 Λύκειος
253 937 286 981 8,
305 944 322 970 7

83 987 351 1040 ΜίθρηςἬλιος
361 988 492 1038 Ἑρμῆς
510 992 588 1035 383,
598 999 651 1026 54.
675 992 792 1034 385,7.

130 1051 211 1094 404,
230 1057 272 1086 2ο

85 1106 104 1142 ὁ
129 1106 174 1153 ἐμ
197 1105 344 1144 mevam<
368 1106 447 1150 229,
466 1112 505 1140 31

88 1162 252 1211 Πατρῷος
276 1163 356 1206 565,
375 1169 415 1196 10

85 1218 217 1258 Πύθιος
239 1220 319 1262 234,
337 1225 391 1254 27.
410 1226 463 1254 34.
489 1218 566 1262 345,
582 1225 635 1253 33.
661 1218 738 1261 773,
755 1224 794 1252 13

86 1274 211 1323 Σωτήρ
236 1276 314 1319 245,
334 1282 387 1310 12.
407 1282 447 1310 36

87 1329 234 1378 Ὑλάτης
258 1332 313 1375 53,
333 1339 348 1366 1

86 1387 306 1435 Χρησιήριος
329 1388 407 1432 312,
426 1394 456 1422 1.
481 1388 560 1432 450,
580 1394 592 1421 1

134 1445 169 1481 ἐν
191 1445 242 1491 τῷ
264 1443 322 1479 ἐπὶ
344 1442 472 1490 Δάφνει
501 1446 561 1479 τοῦ
584 1439 798 1481 Ἀπόλλωνος

182 1501 264 1549 ἱερῷ
292 1502 370 1544 248,
396 1508 448 1535 57.
497 1500 532 1534 ἐν
555 1500 607 1546 τῷ
632 1499 710 1546 ἱερῷ
737 1503 797 1534 τοῦ

178 1555 391 1596 ’Λπόλλωνος
413 1560 474 1592 τοῦ
491 1555 622 1592 Πυθίου
649 1557 696 1599 (ἐν
712 1555 798 1592 Δελ-

182 1616 272 1661 φοῖς)
303 1614 382 1657 234,
400 1620 454 1648 27.
481 1621 533 1648 33.
565 1614 643 1656 345,
669 1620 722 1647 33.
759 1614 799 1648 τὸ

183 1671 272 1716 ἱερὸν
295 1674 355 1705 τοῦ
371 1667 582 1707 Ἀπόλλωνος
603 1672 664 1704 τοῦ
688 1669 723 1704 ἐν
740 1668 799 1704 Δι-

181 1726 301 1773 δύμοις
322 1727 404 1771 214,
423 1732 476 1762 12.
510 1726 568 1761 τὸν
584 1726 622 1762 ἐν
638 1724 800 1771 Διδύμοις

181 1783 264 1820 ναόν
285 1784 366 1828 472,
384 1789 415 1818 2.
454 1782 495 1818 τὸ
520 1782 608 1829 ἱερὸν
626 1782 667 1816 τὸ
690 1782 725 1817 ἐν
741 1781 800 1818 Δι-

182 1839 304 1886 δύμοις
335 1840 414 1884 213,
438 1847 469 1873 7.
501 1845 554 1873 12.
578 1844 633 1874 28.
657 1845 713 1873 41.
764 1838 800 1873 ἐν

182 1896 346 1943 Διδύμοις
368 1896 404 1931 ἐν
427 1897 479 1943 τῷ
502 1895 581 1943 ἱερῷ
601 1898 661 1930 τοῦ
684 1892 801 1931 Ἀπόλ-

183 1952 294 1992 λωνος
317 1954 397 1997 225,
416 1959 470 1989 28.
512 1953 557 1998 ἐμ
588 1951 733 1992 Πάνδοις
765 1952 800 1987 ἐν

183 2011 234 2053 τῷ
256 2009 337 2057 ἱερῷ
355 2013 416 2045 τοῦ
439 2006 652 2047 Ἀπόλλωνος
682 2009 741 2044 καὶ
764 2009 802 2055 ἐγ

183 2064 212 2102 Γ
213 2066 321 2112 ρυνέῳ
342 2065 378 2102 ἐν
393 2067 444 2113 τῷ
460 2065 538 2111 ἱερῷ
556 2069 616 2101 τοῦ
631 2063 802 2102 Ἀπόλλω-

182 2134 242 2161 νος
258 2123 337 2167 229,
355 2131 409 2158 85.
447 2123 487 2157 τὸ
505 2122 594 2169 ἱερὸν
608 2125 670 2159 ,τοῦ
685 2119 803 2157 Ἀπόλ-

184 2178 366 2219 λωνοςτοῦ,
376 2178 507 2214 Πυθίου
521 2178 567 2221 (ἐν
574 2173 645 2224 Ἴῳ)
660 2180 737 2222 773,
751 2186 803 2213 13.

185 2235 224 2270 τὸ
251 2235 337 2282 ἱερὸν
360 2239 421 2270 τοῦ
437 2232 649 2274 Ἀπόλλωνος
667 2236 727 2270 καὶ
741 2239 804 2280 τῆς

187 2288 379 2337 Ἀρτέμιδος
410 2292 488 2334 217,
513 2299 544 2325 4.
593 2292 628 2327 ἐν
659 2292 711 2336 τῷ
732 2291 804 2326 α”νω

189 2344 432 2392 Ἀπολλωνιείῳ
455 2346 501 2389 (ἐν
513 2345 681 2393 Μέμφιδι)
699 2349 804 2392 737,2

50 2400 222 2450 Ἄραβι-κὸς
246 2403 326 2442 θεός
349 2404 427 2447 623,
446 2411 465 2437 4

52 2455 238 2506 Ἀρβάκτης
263 2461 318 2503 52,
338 2467 355 2493 3

53 2511 259 2562 ’Δρεμθηνὸς
283 2515 362 2554 θεός
388 2516 465 2559 589,
486 2523 501 2548 7

103 2683 169 2717 553
240 2709 245 2711 .

63 2722 66 2724 -
102 2692 302 2787 Νικῖηέόρος
323 2740 478 2789 Εὖαγρος
503 2743 557 2786 86,
578 2750 595 2776 5

61 2791 294 2844 Ἇριεντεχθαί
317 2799 394 2842 761,
414 2807 431 2833 5

61 2849 220 2899 Αρμαχις
243 2853 320 2897 666,
341 2862 392 2890 17.
413 2862 452 2889 25

54 2567 156 2619 Ἄρης
180 2574 256 2617 199,
276 2579 329 2608 31.
349 2580 402 2607 35.
422 2580 474 2606 39.
507 2573 584 2616 200,
604 2580 634 2606 6.
653 2579 706 2607 29.
729 2574 808 2617 229,

103 2634 156 2662 66.
177 2636 229 2663 7ο.
256 2630 334 2673 266,
354 2636 408 2664 24.
427 2635 480 2663 52.
507 2629 584 2672 383,
604 2636 656 2664 53.
681 2630 759 2674 386,
779 2638 809 2664 7.

858 249 1010 299 Ἀροῆρις
1036 252 1164 295 114,1.
1191 250 1268 294 167,
1287 256 1306 284 2

858 305 1089 355 Ἀρποχράτης
1119 308 1212 352 62,ιὶ

1194 315 1224 342 5.
1262 307 1340 350 175,
1358 313 1388 340 5.
1432 301 1618 351 Ἁρποκρά·

904 377 968 411 της
992 365 1047 409 61,
1070 373 1088 399 4

858 418 1038 468 Ἀρτάγνης
1076 417 1251 467 Ἡρακλῆς
1296 417 1399 466 Ἄρης
1447 419 1524 463 383,
1562 426 1616 454 55.

907 479 984 522 383,
1005 487 1035 512 ⁷.
1060 478 1139 521 404,
1162 483 1201 511 21

860 532 1017 581 Ἄρτεμις
1041 535 1073 578 9,
1093 543 1123 569 5.
1151 534 1227 577 133,
1247 540 1277 568 8.
1309 534 1386 577 140,
1407 539 1458 567 12.
1490 533 1567 575 144,
1586 539 1618 567 5.

864 623 867 625 ,
907 592 986 635 214,
1012 598 1067 626 43.
1113 591 1192 634 217,
1219 599 1251 624 5.
1300 590 1380 634 255,
1405 597 1436 624 5.
1480 589 1561 633 256,
1587 596 1618 623 9.

908 649 987 692 261,
1021 655 1051 682 5.
1098 649 1177 691 263,
1210 655 1241 681 6.
1289 647 1369 689 344,
1403 653 1434 681 6.
1482 646 1561 690 350,
1587 652 1623 681 6.

863 733 869 740 .
907 705 987 747 437,
1007 711 1060 739 87.
1086 705 1168 747 745,
1182 711 1213 738 2.
1239 703 1319 747 746,
1335 710 1354 737 4

907 753 1049 799 Ἀναῗτις
1073 762 1152 804 470,
1172 769 1202 795 5.
1223 767 1262 794 19

908 817 1065 864 Δαφναία
1088 818 1168 861 244,
1187 823 1229 852 22
1240 816 1281 860 (7)

909 870 1046 910 Ἐνοδία
1070 875 1127 918 53,
1146 882 1164 909 3

906 928 1049 978 Ἐφεσία
1088 932 1166 974 455,
1201 937 1252 965 12.
1292 930 1372 974 480,
1406 937 1437 966 1.
1477 931 1557 974 481,
1594 938 1622 965 1.

956 988 1036 1032 496,
1056 997 1071 1023 1

909 1044 1161 1091 Λευκοφρυηνή
1176 1044 1259 1088 229,
1274 1051 1328 1079 84.
1353 1045 1472 1088 231,8.
1497 1044 1576 1088 232,
1591 1052 1622 1079 9.

958 1101 1037 1145 233,
1057 1109 1110 1136 39.
1130 1109 1183 1136 59.
1202 1107 1255 1135 65.
1275 1108 1329 1135 76.
1354 1102 1433 1145 282,
1450 1109 1481 1136 7.
1505 1102 1583 1146 319,
1603 1109 1620 1135 9

912 1156 1044 1203 Πυθείη
1069 1158 1125 1201 35,
1144 1165 1174 1192 3.
1197 1158 1278 1200 226,
1298 1165 1328 1192 1.
1353 1158 1433 1202 472,
1450 1164 1492 1192 22

914 1213 1071 1260 Σώτειρα
1096 1215 1149 1257 18,
1171 1222 1186 1250 1

914 1269 1103 1318 Φωσφόρος
1128 1271 1183 1315 53,
1203 1277 1221 1304 2

960 1327 996 1362 ἐν
1019 1325 1155 1374 Ἐφέσῳ
1181 1328 1215 1362 ἐν
1247 1329 1298 1374 τῷ
1328 1328 1409 1374 ἱερῷ
1430 1331 1494 1373 τῆς
1517 1325 1624 1374 Ἀρτέ-

1006 1383 1102 1429 μιδος
1119 1385 1197 1428 225,
1212 1391 1266 1420 27.
1290 1385 1369 1428 437,
1385 1392 1438 1418 86.
1477 1385 1516 1419 τὸ
1534 1385 1624 1430 ἱερὸν

1005 1445 1067 1486 τῆς
1090 1438 1281 1486 Ἀρτέμιδος
1306 1440 1353 1483 (ἐν
1370 1439 1516 1487 Ἐφέσῳ)
1541 1442 1574 1484 9,
1594 1449 1624 1475 5.

1005 1497 1041 1532 ἐν
1070 1498 1120 1544 τῷ
1149 1502 1211 1543 τῆς
1242 1495 1431 1544 Ἀρτέμιδος
1468 1498 1546 1545 ἱερῷ
1577 1498 1624 1541 (ἐν

1005 1552 1205 1600 Τελμησσῷ)
1231 1556 1287 1599 55,
1307 1563 1360 1590 37.
1404 1555 1444 1590 τό
1467 1567 1504 1589 τε
1526 1555 1625 1601 τέμε-

1005 1623 1063 1650 νος
1085 1615 1150 1657 τῆς
1172 1608 1362 1659 Ἀρτέμιδος
1385 1612 1445 1647 καὶ
1466 1612 1525 1647 τὸν
1544 1612 1625 1646 ναὸν

1006 1668 1066 1702 καὶ
1094 1668 1133 1702 τὸ
1164 1666 1198 1701 ἐν
1229 1667 1322 1714 αὐτῷ
1349 1668 1487 1715 ἄγαλμα
1515 1669 1572 1712 91,
1596 1677 1625 1703 5.

1010 1731 1040 1758 6.
1059 1732 1089 1759 7.
1136 1724 1172 1760 ἐν
1197 1722 1379 1772 Μαγνησίᾳ
1403 1727 1446 1773 τῇ
1471 1726 1629 1771 πρὸςτῷ

1006 1778 1194 1826 Μαιάνδρῳ
1219 1780 1254 1815 ἐν
1279 1782 1327 1826 τῷ
1349 1785 1413 1828 τῆς
1435 1779 1628 1827 Ἀρτέμιδος

1008 1841 1071 1882 τῆς
1086 1835 1355 1883 Λευκοφρυηνῆς
1373 1839 1454 1885 ἱερῷ
1480 1840 1559 1883 229,
1574 1847 1627 1874 84.

1009 1893 1044 1927 ἐν
1064 1891 1226 1937 Σάρδεσιν
1251 1894 1287 1928 ἐν
1310 1895 1360 1941 τῷ
1378 1895 1458 1941 ἱερῷ
1479 1900 1541 1942 τῆς
1558 1893 1628 1941 Ἀρ-

1007 1949 1147 1995 τέμιδος
1163 1951 1242 1994 225,
1258 1957 1311 1986 29.
1347 1951 1535 1999 ὑδροφόρος
1558 1949 1628 1998 Ἀρ·

1008 2005 1146 2051 τέμιδος
1170 2005 1302 2053 Πυθίης
1326 2009 1405 2052 226,
1428 2016 1443 2042 1

871 2060 1070 2108 Ἀσκληπιός
1106 2064 1161 2107 98,
1191 2070 1220 2098 2.
1263 2065 1341 2109 266,
1373 2073 1424 2100 18.
1466 2066 1544 2109 332,
1576 2064 1628 2100 15.

922 2126 974 2153 13.
994 2127 1047 2154 30.
1086 2117 1284 2159 Ἀσκλαπιός
1308 2123 1341 2165 4,
1362 2128 1438 2156 161.
1462 2123 1519 2166 42,
1538 2130 1554 2156 7

922 2174 1045 2222 Σωτήρ
1070 2177 1148 2220 332,
1168 2185 1184 2212 s

965 2231 1032 2268 ὑπὸ
1054 2237 1114 2268 τοῦ
1141 2233 1258 2280 ἱερέως
1274 2237 1335 2269 τοῦ
1351 2231 1556 2279 Ἀσκληπιοῦ
1583 2235 1630 2277 (ἐν

1012 2287 1193 2336 Περγάμῳ)
1211 2291 1290 2334 332,
1306 2299 1358 2326 15.
1395 2291 1430 2325 ἐν
1446 2289 1632 2338 Μιτυλήνῃ

1013 2345 1049 2380 ἐν
1095 2347 1145 2392 τῷ
1181 2350 1243 2382 τοῦ
1279 2345 1482 2393 Ἀσκληπιοῦ
1529 2348 1632 2395 (ἱερῷ)

1014 2403 1093 2446 266,
1114 2410 1165 2438 18.
1206 2404 1240 2437 ἐν
1264 2405 1315 2449 τῷ
1333 2405 1406 2450 ναῷ
1427 2407 1489 2439 τοῦ
1514 2403 1633 2450 Σωτῆ-

1016 2471 1072 2505 ρος
1110 2457 1314 2507 Ἀσκληπιοῦ
1363 2461 1408 2503 (ἐν
1448 2459 1633 2508 Περγάμῳ)

1016 2516 1095 2559 332,
1115 2524 1144 2550 8.
1185 2517 1223 2551 τὸ
1246 2517 1388 2563 τέμενος
1411 2521 1471 2552 τοῦ
1494 2515 1633 2564 Ἀσκλη-

1015 2575 1094 2606 πιοῦ
1113 2572 1158 2615 (ἐν
1176 2571 1360 2620 Περγάμῳ)
1386 2575 1464 2618 332,
1480 2582 1533 2608 16.
1563 2571 1634 2609 Ἀσ-

1016 2628 1196 2674 κληπιεῖον
1214 2630 1262 2672 (ἐν
1280 2629 1461 2677 Περγάμῳ)
1487 2631 1565 2674 332,
1582 2637 1634 2666 19.

1020 2685 1055 2718 ἐν
1079 2686 1129 2731 τῷ
1150 2688 1210 2719 τοῦ
1234 2683 1438 2731 Ἀσκληπιοῦ
1470 2686 1549 2733 ἱερῷ
1570 2686 1636 2732 πρὸ

1019 2744 1079 2775 τοῦ
1110 2745 1192 2775 ναοῦ
1226 2743 1304 2785 332,
1323 2749 1376 2776 60.
1422 2742 1456 2777 ἐν
1486 2741 1537 2788 τῷ
1566 2743 1639 2790 ναῷ

1020 2798 1068 2842 τῷ
1099 2801 1159 2831 τοῦ
1195 2795 1397 2844 Ἀσκληιποῦ
1441 2798 1489 2841 (ἐν
1524 2797 1636 2846 Περγ.)

1023 2856 1100 2899 764,
1120 2862 1160 2891 32
