1858 3126
243 162 326 203 636

287 298 337 336 δὶς
352 298 415 345 τὴν
433 300 573 344 πρώτην
589 297 701 345 ἀρχὴν
718 297 863 345 ἄρξαντα
881 299 958 341 547,
971 306 1000 333 3.

284 354 387 401 ἄρξας
409 355 472 401 τὴν
499 354 657 402 μεγίστην
688 354 799 400 ἀρχὴν
823 359 886 400 τῆς
914 353 1002 399 λαμ-

285 411 458 460 προτάτης
481 409 728 459 Ἀμαστριανῶν
754 412 889 450 πόλεως
922 413 1000 455 531,

287 477 318 504 9.
338 477 391 504 10.
440 470 472 504 2.
492 468 699 515 praefectus
722 469 767 504 in
789 469 914 505 wrbem
938 471 1002 503 aut

285 525 470 572 reqionem
485 526 670 562 subditam
689 526 827 562 missus
850 526 1002 574 ἄρχοντα

283 603 331 609 -—
356 584 392 618 ὃν
411 583 451 619 ἂν
469 584 665 632 ἀποστέλλῃ
688 584 705 618 ὁ
724 584 833 630 δῆμος
858 584 1000 627 229,55.

285 642 336 687 τῷ
374 641 516 689 ἄρχοντι
555 642 605 689 τῷ
644 641 867 676 ἀποσταλέντι
908 640 1001 684 (ἀπε-

288 698 477 744 σταλμένῳ)
495 698 560 734 ὑπὸ
577 702 637 733 τοῦ
651 699 764 744 δήμου
782 700 860 742 229,
877 706 930 733 96.
947 705 1001 733 99.

287 757 319 790 3.
342 755 582 800 maqistratus
601 755 845 801 provimialis
866 755 1001 790 Roma-

284 824 420 848 norum
443 815 493 860 τῷ
515 813 654 860 ἄρχοντι
676 814 724 859 τῷ
745 813 794 851 εἰς
809 810 916 847 Ἀσίαν
939 825 1001 846 πο-

287 870 460 916 ρευομένῳ
495 871 574 914 441,
599 879 653 905 59.
701 873 734 905 4.
764 869 1001 915 magistratus

286 926 448 972 quilibet:
482 929 514 972 4,
541 935 594 963 87.
622 935 675 962 93.
714 928 791 971 383,
820 934 895 961 173.
942 925 1002 971 ἄρ-

285 996 404 1031 χοντες
430 986 507 1029 218,
534 992 610 1020 132.
637 992 712 1019 136.
739 992 813 1019 145.
845 985 924 1027 267,
947 991 1000 1018 28.

287 1042 490 1085 332‚1s.34.
515 1042 842 1086 345‚12.383,1ss.
859 1042 999 1084 437,65.

284 1099 405 1142 441‚2.
422 1106 540 1133 15.64.
566 1099 707 1143 444‚19.
732 1099 854 1142 453,6.
881 1097 1001 1141 509,3.

287 1155 364 1198 515,
384 1162 438 1189 21.
458 1162 510 1190 31.
530 1163 583 1190 37.
603 1163 656 1189 40.
683 1156 833 1199 764,13.
859 1155 1000 1197 773‚14.

286 1211 444 1257 ἄρξαντες
477 1213 554 1256 192,
581 1220 610 1246 4.
663 1211 782 1260 ἄρχων
812 1217 879 1246 τῶν
911 1210 1001 1246 Παν-

287 1268 441 1315 ελλήνων
475 1269 553 1312 504,
574 1276 604 1303 1.
625 1275 676 1303 12.
708 1270 785 1313 507,
806 1277 835 1303 1.
884 1268 1000 1315 ἄρχων

286 1324 410 1371 Θηβῶν
437 1328 470 1369 (i.
488 1337 522 1370 q.
548 1326 742 1373 θηβάρχης)
768 1326 835 1360 698

240 1382 399 1430 ἀρχώνης
435 1383 584 1429 λιμένων
622 1383 805 1430 ἐπαρχείας
843 1381 1001 1421 Σικελίας

285 1441 365 1484 480,
401 1447 431 1474 2.
493 1441 653 1488 ἀρχώνης
699 1440 847 1485 λιμένων
893 1438 1001 1478 Ἀσίας

288 1498 365 1540 525,
386 1506 415 1531 5.
456 1497 617 1545 ἀρχώνης
642 1498 751 1532 σείτου
779 1498 891 1542 δήμου
913 1493 1001 1532 Ῥω-

287 1554 397 1599 μαίων
422 1555 501 1598 480,
523 1563 539 1589 3

239 1611 407 1657 ἀρώματα
431 1613 508 1656 383,
530 1619 593 1647 143

239 1668 380 1714 ἀσέβεια
416 1669 493 1712 383,
521 1676 596 1703 117.
629 1675 705 1703 120.
757 1669 877 1716 ἔνοχον
915 1668 1002 1703 εἶναι

286 1724 424 1772 ἀσεβείᾳ
449 1726 527 1770 262,
543 1734 595 1760 15.
637 1726 738 1774 μέχρι
755 1726 828 1771 βίας
847 1725 906 1760 καὶ
923 1726 1000 1760 ἀσε-

286 1782 379 1828 βείας
402 1781 681 1829 προεληλυθότας
704 1784 761 1828 48,
783 1791 820 1817 11

241 1839 392 1885 ἀσεβέω·
434 1841 473 1875 τὸ
513 1840 609 1875 θεῖον
649 1840 795 1886 ἠσέβουν
836 1841 914 1884 765,
947 1848 999 1875 10.

286 1896 334 1935 εἰς
358 1897 397 1932 τὸ
421 1896 515 1932 θεῖον
541 1898 749 1943 ἀσεβοῦντας
775 1900 852 1942 765,
875 1905 912 1932 17

240 1953 386 1999 ἀσεβής·
411 1954 545 2000 ἀσεβεῖς
569 1958 591 1989 i.
606 1965 636 1989 e.
653 1954 795 1990 rebelles
817 1955 872 1998 90,
889 1962 941 1990 23.
958 1961 997 1990 26

240 2009 402 2045 ἀσθένεια
426 2012 505 2055 244,
527 2020 565 2047 10

240 2066 403 2112 ἀσθενής·
445 2068 518 2101 ἐπεὶ
557 2067 732 2111 θλιβέντες
769 2067 814 2112 ἐμ
849 2067 999 2102 πλείοσιν

287 2122 439 2162 ἀσθενῶς
465 2124 610 2171 σχήσετε
637 2126 714 2167 751,
735 2133 751 2159 8

240 2179 406 2226 ἀσιάρχης
446 2181 524 2225 492,
554 2190 583 2215 7.
621 2182 699 2224 495,
727 2189 757 2215 8.
784 2189 836 2216 10.
866 2189 998 2216 13.›16.

285 2237 365 2281 498,
394 2245 424 2271 3.
462 2238 540 2281 514,
566 2245 595 2272 9.
621 2239 699 2282 516,
726 2246 777 2272 13.
830 2238 999 2286 ἀσιάρχης

285 2300 375 2329 ναῶν
399 2300 467 2329 τῶν
494 2294 529 2329 ἐν
554 2291 688 2342 Ἐφέσῳ
714 2296 792 2339 525,
812 2303 828 2329 s

240 2350 384 2396 ἄσκησις
409 2352 486 2395 339,
506 2359 558 2387 38.
579 2360 632 2387 71.
677 2356 740 2398 τῆς
770 2352 847 2398 περὶ
875 2352 999 2399 λόγους

287 2407 467 2453 ἀσκήσεως
494 2409 571 2452 596,
592 2417 607 2442 7

240 2463 358 2501 ἀσκός·
394 2464 429 2497 ἐν
454 2464 574 2504 ἀσκοῖς
604 2465 743 2512 αἰγείοις
774 2466 851 2510 629,
872 2473 925 2500 39.
944 2472 999 2500 42.

287 2528 342 2555 45.
361 2528 416 2556 48.
436 2528 488 2556 52.
510 2530 564 2556 59.
584 2529 637 2556 62.
659 2529 721 2556 149

239 2576 450 2623 ἀσπάζομαι·
476 2578 712 2624 ἀσπασάμενοι
737 2580 814 2622 219,
833 2586 873 2612 43

241 2634 461 2682 ἀσπιδοειδὴς
480 2635 635 2681 βασιλεία
659 2636 714 2679 56,
734 2642 787 2669 62.
828 2634 999 2670 ἀσπιδοει-

287 2692 358 2731 δεῖς
384 2691 552 2738 βασιλεῖαι
576 2693 631 2736 90,
652 2699 692 2726 44

240 2748 340 2788 ἀσπίς
364 2751 530 2795 (serpens)
555 2751 610 2793 90,
631 2757 671 2783 43

241 2805 389 2852 ἄσπορος
425 2807 463 2841 δὲ
498 2805 521 2852 ἡ
553 2805 695 2852 πλείστη
730 2807 828 2854 χώρα
865 2805 997 2853 ἐγένετο

289 2865 366 2906 339,
386 2871 425 2898 56

239 2918 458 2966 ἀσπρατούρα
482 2920 560 2964 484,
580 2927 620 2954 25

958 162 1110 195 Indices.

1073 298 1234 344 ἀσσάριον
1271 299 1350 343 484,
1376 306 1428 334 13.
1465 300 1545 344 629,
1575 307 1628 334 94.
1683 298 1829 347 ἀσσάρια

1118 356 1197 400 480,
1220 364 1270 390 10.
1295 357 1375 401 484,
1395 364 1425 391 9.
1446 364 1497 392 11.
1517 363 1571 391 22.
1604 358 1683 402 629,
1702 365 1755 393 33.
1774 366 1826 393 75.

1120 421 1173 448 76.
1201 422 1253 449 77.
1282 419 1335 448 82.
1387 413 1439 448 ὅτι
1475 413 1528 448 δεῖ
1556 413 1639 460 πρὸς
1669 413 1828 460 ἀσσάριον

1119 471 1230 506 πάντα
1253 471 1296 506 τά
1318 471 1403 518 τέλη
1419 470 1619 518 λογεύεσθαι
1643 472 1721 516 629,
1741 479 1803 507 155

1071 527 1305 568 ἀστασιάστους
1330 529 1408 572 229,
1427 535 1481 563 40.
1501 536 1542 563 65

1073 584 1267 624 ἄστειπτος·
1302 586 1365 629 τὴν
1403 585 1480 621 ὁδὸν
1515 584 1690 621 ἄστειπτον
1725 585 1829 621 οὖσαν

1119 644 1197 687 606,
1217 651 1234 677 5

1073 700 1180 747 ἀστήρ
1209 701 1284 744 194,
1308 708 1346 735 19

1070 757 1191 804 ἄστρον
1223 759 1278 801 56,
1299 765 1352 792 38.
1378 765 1432 792 41.
1476 758 1515 792 τὸ
1545 756 1666 805 ἄστρον
1699 758 1738 792 τὸ
1766 762 1829 805 τῆς

1113 808 1215 852 Ἴσιος
1240 816 1294 858 56,
1315 822 1356 848 36

1071 870 1288 917 ἀστυνομέω·
1313 870 1514 917 ἀστυνομῶν
1540 872 1618 916 483,
1640 879 1655 906 1

1073 927 1256 973 ἀστυνόμοι
1280 926 1512 975 Περγαμηνῶν
1538 929 1617 972 483,
1637 936 1653 962 7
1669 938 1748 972 sqq.

1072 984 1272 1031 ἀσύγκριτος
1297 985 1375 1029 528,
1397 992 1425 1020 1.
1451 986 1528 1029 531,
1549 993 1566 1019 5

1072 1041 1354 1087 ἀσυκοφάντητος
1379 1042 1458 1086 383,
1478 1049 1539 1076 157

1073 1098 1194 1133 ἀσυλία
1219 1100 1273 1143 66,
1293 1105 1324 1135 2.
1349 1099 1405 1143 81,
1425 1105 1478 1133 16.
1505 1099 1582 1143 150,
1601 1105 1655 1133 14.
1679 1100 1756 1144 241,
1776 1106 1829 1134 20.

1119 1157 1197 1200 270,
1218 1164 1270 1191 11.
1296 1156 1374 1200 305,
1395 1163 1447 1191 16.
1477 1157 1554 1200 352,
1574 1163 1627 1191 60.
1655 1157 1735 1200 441,
1755 1163 1830 1192 132.

1118 1214 1197 1257 736,
1235 1221 1287 1248 18.
1328 1214 1406 1257 760,
1441 1221 1472 1248 9.
1527 1212 1670 1247 ἀσουλία
1710 1214 1765 1257 80,
1799 1221 1830 1248 4.
1855 1247 1858 1255 ,

1119 1271 1264 1314 316,11.
1308 1269 1470 1318 ὑπάρχειν
1494 1290 1542 1295 -
1565 1270 1600 1304 ἐν
1619 1269 1732 1309 σύλοις
1749 1269 1830 1305 ‹iau-
1856 1274 1858 1276 '

1117 1327 1194 1362 λίαν
1220 1329 1297 1371 730,
1317 1334 1371 1362 24.
1412 1327 1627 1375 ἐπιχωρῆσαι
1646 1326 1704 1361 καὶ
1717 1326 1829 1373 τούτῳ

1116 1385 1167 1431 τῷ
1192 1384 1273 1431 ἱερῷ
1296 1384 1391 1423 ἐντὸς
1420 1384 1524 1419 αὐτοῦ
1553 1383 1734 1430 περιβόλου
1765 1379 1829 1430 τὴν

1118 1441 1260 1476 ἀσυλίαν
1297 1442 1376 1485 761,
1395 1449 1425 1476 8.
1479 1440 1619 1475 ἀσυλίαν
1653 1444 1717 1487 τῆς
1751 1437 1829 1487 παρ’

1118 1497 1199 1543 ὑμῖν
1225 1497 1393 1545 Περσικῆς
1417 1497 1500 1536 θεᾶς
1524 1517 1570 1523 —-
1594 1498 1720 1544 βεβαιῶ
1747 1497 1828 1543 ὑμῖν

1119 1556 1196 1599 333,
1219 1563 1246 1589 1.
1287 1555 1541 1601 πρεσβεύσαντα
1569 1555 1655 1601 πρὸς
1683 1555 1742 1590 τὸν
1767 1553 1830 1590 Σε-
1856 1572 1858 1604 3

1118 1613 1238 1656 βαστὸν
1271 1611 1357 1657 ὑπὲρ
1387 1616 1450 1659 τῆς
1474 1611 1614 1651 ἀσυλίας
1643 1615 1704 1646 τοῦ
1729 1611 1829 1647 Διὸυ-

1120 1670 1212 1715 μέως
1236 1666 1448 1707 Ἀπόλλωνος
1475 1670 1556 1713 472,
1576 1676 1628 1704 11.
1675 1669 1759 1715 πρὸς
1784 1669 1828 1716 τῇ
1854 1658 1858 1685 ³

1117 1725 1387 1774 προϋπαρχούσῃ
1397 1725 1520 1772 ἀσυλίᾳ
1530 1728 1591 1760 τοῦ
1606 1725 1696 1772 ἱεροῦ
1709 1727 1788 1770 473,
1797 1734 1828 1761 9.

1119 1783 1287 1830 μενούσης
1299 1787 1361 1829 τῆς
1374 1783 1466 1830 παρὰ
1481 1788 1548 1817 τῶν
1561 1781 1713 1829 πλησίων
1729 1782 1827 1828 ἱερῶν
1851 1776 1858 1824 ἐ

1119 1839 1429 1887 συγκεχωρημένης
1452 1839 1596 1878 ἀσυλίας
1620 1840 1697 1883 736,
1717 1847 1734 1874 5
1852 1826 1858 1843 ⁶

1071 1897 1215 1936 ἄσυλος·
1237 1897 1298 1931 τάν
1316 1896 1414 1931 πόλιν
1435 1902 1503 1932 τῶν
1521 1895 1719 1942 Σμυρναίων
1738 1895 1828 1942 ἱερὰν
1853 1890 1858 1901 “

1115 1955 1175 1988 ’καὶ
1192 1953 1316 1988 ἄσυλον
1333 1953 1429 1999 εἶμεν
1454 1954 1531 1997 228,
1548 1961 1578 1988 5.
1597 1960 1650 1987 13.
1689 1952 1749 1987 τάν
1766 1952 1828 1987 πό-

1116 2011 1169 2045 λιν
1199 2029 1245 2035 -
1273 2010 1332 2044 καὶ
1366 2010 1426 2044 τάν
1461 2011 1580 2056 χώραν
1619 2007 1854 2044 ἀναδεικνύει

1116 2067 1241 2102 ἄσυλον
1267 2067 1345 2110 234,
1365 2072 1418 2100 24.
1460 2070 1524 2111 τῆς
1550 2066 1642 2111 ἱερᾶς
1665 2065 1724 2100 καὶ
1747 2065 1828 2100 ἀσύ·

1115 2123 1178 2158 λου
1203 2122 1359 2166 (πόλεως)
1386 2124 1464 2166 257,
1483 2130 1514 2157 4.
1541 2123 1618 2167 575,
1639 2130 1669 2157 9.
1700 2123 1777 2166 587,
1795 2129 1826 2157 2.

1118 2181 1237 2224 595,2.
1261 2180 1381 2224 603,4.
1408 2181 1528 2224 752,3.
1568 2179 1607 2214 τό
1622 2191 1659 2213 τε
1677 2179 1766 2225 ἱερὸν
1781 2197 1828 2204 -

1116 2236 1241 2271 ἄσυλον
1267 2237 1355 2271 εἶναι
1377 2237 1438 2272 ’καὶ
1459 2237 1522 2282 τὴν
1546 2236 1644 2271 πόλιν
1674 2237 1753 2280 229,
1776 2242 1826 2271 12.

1117 2294 1189 2328 ἔνια
1224 2294 1262 2328 δὲ
1296 2299 1364 2328 τῶν
1402 2293 1579 2339 ἐπισήμων
1614 2293 1733 2339 (ἱερῶν)
1769 2293 1853 2329 καὶ,

1116 2350 1226 2385 ἄσυλα
1265 2351 1436 2397 γεγονέναι
1475 2351 1553 2394 761,
1586 2358 1618 2384 4.
1685 2351 1736 2396 τῷ
1776 2349 1853 2397 μὴ·

1116 2407 1204 2442 εἶναι
1240 2407 1365 2443 ἄσυλον
1398 2409 1476 2451 761,
1500 2415 1531 2442 7.
1584 2408 1632 2445 ὠς
1667 2406 1754 2441 εἶναι
1785 2391 1853 2453 τὸὲ

1117 2465 1178 2511 μὲν
1207 2466 1292 2510 ἱερὸν
1317 2464 1443 2500 ἄσυλον
1468 2465 1546 2508 262,
1566 2470 1618 2498 13.
1666 2463 1704 2497 τὸ
1728 2442 1856 2512 tegas-ji

1115 2534 1173 2560 νος
1190 2541 1236 2547 --
1252 2522 1344 2560 ὅπως
1367 2520 1493 2556 ἄσυλον
1512 2519 1648 2569 ὑπάρχῃ
1673 2520 1752 2564 441,
1771 2522 1827 2566 157.Δ
1837 2552 1849 2570 ,

1117 2579 1134 2613 ὁ
1159 2579 1263 2618 τόπος
1293 2577 1419 2616 ἄσυλος
1451 2577 1537 2612 ἔστω
1567 2579 1646 2621 455,
1666 2584 1718 2611 13.

1116 2635 1309 2683 προσευχὴν
1327 2634 1452 2669 ἄσυλον
1477 2634 1621 2674 129,10.
1660 2633 1799 2681 πρόσοιι

1115 2692 1158 2738 ἢν
1185 2692 1252 2738 ἐγὼ
1275 2695 1392 2737 ’κτῆμα
1422 2690 1591 2735 δαιμόνων
1621 2689 1746 2725 ἄσυλον
1769 2682 1856 2724 ἂνξ*

1116 2748 1229 2795 έθηκα
1253 2749 1330 2792 383,
1351 2754 1426 2782 200.
1470 2747 1557 2792 ἱερὸν
1581 2747 1686 2792 νόμον
1702 2764 1751 2772 -
1765 2744 1856 2794 rrls'

1117 2810 1185 2852 ρεῖν
1221 2805 1344 2841 ἄσυλον
1382 2804 1460 2847 383,
1487 2811 1562 2840 115.
1613 2804 1648 2838 ἐν
1685 2793 1853 2849 στήλαιὲἶῗ

1116 2862 1255 2901 ἀσύλοις
1287 2861 1436 2908 ἐχάραξα
1468 2861 1546 2904 383,
1567 2869 1642 2896 110.
1690 2859 1827 2896 ἀσύλοις

1116 2919 1309 2966 γράμμασιν
1333 2917 1519 2964 ἀνέγραψεν
1545 2917 1623 2960 383,
1642 2925 1659 2951 8
