1858 3126
53 166 133 210 458]
485 165 678 198 Decretum
702 164 748 197 de
771 163 873 197 fastis
896 163 1194 206 provincialibus.
1577 164 1630 203 57

166 317 268 344 σοων
275 303 315 331 ⁴¹
326 301 489 344 πόλεσιν
507 301 549 343 ἐν
567 302 731 357 στήλαις
753 299 1015 356 λευΙκολίθοις
1031 299 1273 357 ἐνχαραχθῇ
1289 301 1334 342 τό
1354 315 1399 341 τε
1419 297 1633 355 δελτογρά-

164 385 283 427 φημα
300 372 372 412 τοῦ
387 367 574 424 Μαξίμου
589 368 717 412 καὶτὸ
731 366 947 424 τῆςἈσίας
970 369 975 423 Ι
999 369 1200 425 ψήφισμα,
1224 367 1344 410 αὗταί
1362 383 1406 410 τε
1428 368 1471 409 αἱ
1486 369 1632 423 στῆλαι

161 439 396 484 τεθῶσιν,ἐν
415 438 499 486 τοῖς
518 436 827 495 ΚαισαρὴοιςΩ.
852 437 1105 494 ἀχθὴσονται
1119 437 1125 493 1
1140 438 1178 479 οἱ
1200 441 1322 493 μῆνες
1341 433 1447 479 κατὰ
1467 434 1567 478 τάδε
1575 438 1629 464 ⁴³·

162 505 328 564 Καῖσαρ
345 508 509 564 ἡμερῶν
521 498 602 549 H·
626 504 862 554 Ἀπελλαῖος
881 507 1044 562 ἡμερῶν
1052 498 1108 547 ἶ·
1129 507 1134 560 Ι
1153 505 1355 553 Αὸδναῖος
1374 506 1537 562 ἡμερῶν
1548 498 1628 546 Π·

40 606 51 613 ·
88 568 135 618 '70
164 573 349 632 Περίτιος
370 577 532 631 ἡμερῶν
554 567 636 617 Π·
668 575 844 631 Δύστρος
865 578 946 630 ῑᾶῑ·
977 573 1175 621 Ξανὸικός
1193 567 1271 616 Π·
1296 575 1307 631 ij
1330 571 1631 629 Ἀρτεμισιὼν44

45 745 197 791 wanhun,
220 746 375 790 domine,
397 746 658 782 Amisenorum
681 745 841 781 civitatis
858 745 997 790 petebat
1019 746 1120 790 apud
1134 757 1191 780 me
1214 757 1239 780 a
1253 744 1349 780 Iulio
1365 745 1499 780 Pisone
1520 745 1629 779 dena-

44 802 190 839 riorum
216 803 362 839 circitor
388 803 634 849 quandraginta
663 803 783 845 milia)
814 806 1014 846 usurpatur
1046 804 1090 837 de
1126 803 1339 837 hominibus
1371 805 1435 846 qui
1471 804 1630 836 civitatis

42 861 249 904 cuiuspiam
286 870 416 895 causas
453 861 659 895 detendunt.
715 861 783 900 Qui
820 861 1045 904 frequentius
1083 861 1232 903 quidem
1268 859 1420 894 σύνδιιοι
1456 861 1629 903 appellari

45 918 162 952 solent
185 918 236 960 (0.
252 919 365 952 Seeck
394 928 451 962 ap.
476 919 790 962 Pauly-wissowa
813 918 871 961 IV,
890 921 910 951 2
936 927 970 961 p.
988 920 1101 960 23⁶⁵),
1135 927 1254 961 neque
1282 927 1372 951 vero
1405 920 1488 951 ante
1521 927 1629 960 quar-

44 977 123 1009 tum
147 984 183 1019 p.
201 975 284 1010 Chr.
301 985 335 1010 n.
360 976 548 1010 saeculum
572 976 632 1010 bic
656 977 862 1010 ordinarius
886 976 1122 1018 magistratus
1145 975 1263 1009 iactus
1287 978 1353 1018 est,
1379 975 1443 1008 sed
1468 975 1630 1017 singilla-

43 1033 109 1066 tim
133 1033 312 1077 culusque
335 1033 409 1067 litis
433 1042 543 1067 causa
566 1034 749 1067 eiusmodi
765 1033 933 1067 defensor
956 1034 1014 1066 vel
1038 1035 1141 1066 actor
1158 1033 1215 1066 vel
1237 1033 1438 1066 advocatus
1455 1033 1629 1066 constitui

41 1089 192 1124 solebat.
229 1091 279 1124 At
292 1090 397 1125 aliter
415 1092 452 1124 in
468 1091 727 1125 communibus
743 1092 1015 1134 provinciarum
1033 1091 1199 1124 conciliis
1217 1099 1293 1126 rem
1311 1099 1350 1123 se
1374 1090 1546 1124 habuisse
1571 1090 1629 1122 hic

40 1147 171 1181 titulus
199 1147 332 1191 prodit,
362 1157 409 1182 ex
438 1157 512 1192 quo
542 1149 718 1182 discimus
748 1150 821 1182 iam
845 1149 997 1191 Augusti
1028 1150 1145 1182 aetate
1170 1149 1364 1190 quotannis
1396 1157 1416 1180 a
1441 1148 1628 1180 communi

40 1204 147 1238 Asiae
168 1204 315 1239 ecdicos
337 1207 454 1239 creari
478 1207 726 1239 consuevisse.
845 1208 881 1238 44
913 1205 1020 1244 Quod
1044 1206 1103 1238 hic
1128 1206 1163 1238 in
1188 1204 1452 1247 principalibus
1470 1213 1628 1237 conveu-

41 1263 149 1295 tuum
171 1261 329 1296 urbibus
351 1263 441 1305 erigi
465 1262 654 1295 iuberetur
688 1262 813 1296 tabula
847 1271 932 1295 cum
964 1262 1119 1304 epistula
1156 1262 1383 1304 proconsulis
1415 1264 1451 1294 et
1481 1261 1626 1294 decreto

40 1318 272 1362 Asianorum,
295 1319 381 1352 inde
395 1320 643 1353 Mommsenus
668 1329 798 1362 magna
821 1322 919 1352 certe
936 1328 1021 1352 cum
1039 1318 1295 1361 probabilitate
1314 1319 1468 1361 collegit,
1492 1318 1628 1361 oppida

39 1375 106 1408 ubi
122 1375 192 1409 hae
206 1376 395 1418 relliquiae
411 1377 578 1409 inventae
593 1379 726 1419 essent,
742 1376 1195 1423 ApameamLDorylaium,
1213 1376 1438 1417 Eumeffiam,
1465 1376 1625 1417 Prienen,

38 1434 243 1466 conventus
266 1432 449 1475 habuisse,
473 1434 541 1466 etsi
559 1442 646 1467 sane
669 1443 741 1467 non
764 1424 1118 1476 praefracte-Egara
1141 1433 1277 1475 liceret,
1301 1434 1410 1466 etiam
1436 1433 1515 1466 aliis
1536 1433 1626 1466 locis

41 1490 211 1533 exempla
231 1489 329 1524 tituli
352 1491 541 1533 proposita
571 1490 695 1524 fuisse.
742 1491 1008 1524 Testimonium
1042 1490 1087 1523 de
1116 1490 1357 1523 conventibus
1389 1490 1462 1523 illic
1492 1489 1625 1523 habitis

39 1555 128 1580 sane
150 1547 382 1581 nullumdum
404 1549 549 1582 exstare
571 1548 642 1581 nisi
666 1548 710 1581 de
733 1548 904 1590 Apamea,
930 1548 974 1580 de
998 1557 1071 1590 qua
1095 1547 1139 1581 cf.
1164 1548 1236 1581 Cic.
1262 1547 1308 1580 ad
1331 1547 1415 1580 fam.
1438 1547 1514 1589 XV,
1538 1549 1571 1589 4,
1593 1549 1623 1580 2.

39 1604 129 1637 Plin.
152 1603 232 1638 Nat.
248 1605 333 1638 bist.
348 1605 391 1647 V,
408 1608 493 1638 ⁴⁰6:
529 1603 658 1639 tertius
682 1606 906 1647 (conventus)
931 1604 1135 1648 Apameam
1164 1603 1263 1638 vadit
1292 1606 1377 1639 ante
1406 1603 1624 1648 appellatam

37 1657 225 1704 Qum,
256 1659 344 1695 dein
371 1659 527 1695 Ciboton.
646 1664 689 1695 ⁴2
722 1662 790 1695 llic
817 1663 1065 1704 adiunguntur
1094 1662 1321 1695 accuratiora
1354 1664 1548 1704 praecepta
1581 1661 1625 1694 de

35 1718 124 1751 anni
146 1717 284 1761 ordine,
307 1727 403 1761 quae
426 1719 463 1752 in
486 1719 669 1752 Prienensi
693 1720 893 1761 exemplari
918 1728 963 1752 ex
987 1719 1116 1752 litteris
1146 1727 1258 1761 supra
1290 1720 1374 1759 (not.
1393 1720 1446 1759 ⁴6)
1477 1720 1625 1752 omissis

38 1775 280 1818 proconsulis,
310 1784 405 1818 quae
428 1776 640 1818 appendicis
663 1776 744 1809 loco
769 1778 848 1809 eius
872 1777 1049 1818 epistulae
1079 1785 1239 1809 annexae
1264 1778 1377 1818 erant,
1411 1776 1624 1818 repeteban-

14 1852 23 1855 ψ
36 1833 110 1865 tur.
148 1831 236 1865 vioe
251 1841 358 1866 versa
375 1833 614 1867 Eumeniense
638 1834 846 1876 exemplum
870 1834 929 1866 hic
951 1833 1154 1875 finiebatur,
1180 1834 1267 1875 quia
1287 1833 1347 1865 illa
1365 1835 1405 1865 ut
1419 1834 1623 1875 Apamense

22 1889 227 1938 *superiore
249 1889 332 1923 loco
355 1890 567 1924 inseruerat.
607 1891 691 1923 Wil.
809 1893 851 1923 43
885 1891 1155 1924 Conservantur
1179 1890 1268 1923 ordo
1293 1892 1329 1922 et
1354 1891 1502 1923 nomina
1524 1899 1622 1924 men-

35 1945 132 1979 sium
157 1954 203 1979 ex
234 1945 336 1980 fastis
365 1947 624 1981 lunisolaribus
647 1948 899 1990 Macednum,
932 1948 996 1981 sed
1026 1956 1202 1981 numerus
1234 1947 1376 1980 dierum
1409 1948 1458 1980 ita
1488 1948 1646 1989 consti-7

34 2003 153 2036 suitur
180 2004 226 2036 ut
252 2005 507 2047 unusquisque
538 2006 674 2038 mensis
705 2005 752 2038 ab
782 2014 826 2038 eo
852 2005 910 2038 die
934 2006 998 2047 qui
1028 2007 1083 2038 est
1107 2014 1137 2038 a.
1162 2005 1196 2038 d.
1214 2005 1309 2037 V1111
1334 2006 1468 2037 mensis
1492 2005 1620 2037 Iuliani

13 2058 197 2111 ,incipian
243 2060 477 2094 Memorabile
507 2064 574 2104 est,
603 2062 672 2105 bos
702 2062 813 2095 fastos
844 2063 954 2095 etiam
984 2063 1021 2095 in
1045 2062 1298 2104 Hemerologio
1323 2062 1528 2095 Florentino
1558 2063 1621 2095 ha-

31 2114 126 2159 ‘bon-i,
150 2117 214 2150 sed
229 2117 304 2150 illic
318 2127 391 2151 non
407 2119 512 2152 Asiae
528 2120 749 2162 provinciae,
773 2120 838 2152 sed
854 2120 1019 2162 Ephesiis
1043 2120 1166 2153 tribui.
1207 2120 1258 2152 Cf.
1281 2119 1397 2152 ldeler
1421 2119 1587 2152 Chronol.
1607 2121 1619 2151 l

14 2181 72 2216 Ρ.
89 2175 167 2207 449.
206 2174 325 2208 Pauca
347 2177 385 2208 in
409 2176 635 2217 singulorum
660 2177 842 2210 mensium
867 2178 1029 2210 numeris
1061 2177 1203 2210 dierum
1227 2177 1447 2219 discrepant,
1473 2179 1621 2209 nomina

12 2237 124 2270 {vero
147 2230 221 2264 illic
244 2233 366 2265 omnia
389 2233 618 2267 Macedonica
642 2236 740 2276 sunt,
769 2235 820 2267 ita
849 2236 890 2266 ut
920 2236 1062 2276 primus
1086 2243 1158 2267 non
1184 2230 1330 2280 Καῖσαρ,
1362 2234 1427 2267 sed
1450 2231 1531 2271 Δῖος
1556 2243 1619 2276 ap·

7 2287 200 2333 pelletur
239 2288 339 2327 Quae
362 2298 421 2323 res
445 2292 566 2323 tamen
590 2292 805 2333 neutiquam
828 2292 992 2334 impedit,
1018 2292 1216 2334 quominus
1241 2292 1314 2325 illic
1338 2292 1451 2325 fastos
1474 2293 1619 2334 provin·

34 2343 145 2377 ciales
156 2344 261 2377 Asiae
276 2355 526 2389 agnoscamus,
542 2357 626 2381 nam
643 2349 754 2381 etiam
770 2349 964 2381 titulorum
983 2350 1202 2382 testimoniis
1219 2351 1372 2391 constat,
1386 2358 1617 2391 nequaquam

7 2400 141 2447 ‚plane
163 2402 359 2444 expulsum
381 2412 461 2437 esse
485 2406 677 2447 antiquum
702 2414 834 2438 nomen
858 2415 953 2439 nova
975 2407 1226 2448 appellatione.
1265 2407 1311 2439 At
1335 2415 1428 2448 quos
1452 2407 1619 2439 hemero-

7 2451 172 2504 &logium
196 2459 319 2501 ipsum
342 2460 559 2494 Asianorum
584 2471 728 2495 menses
753 2465 916 2496 recenset
941 2463 1066 2504 (Ideler
1088 2465 1103 2495 1
1128 2473 1163 2506 p.
1182 2464 1260 2505 444)
1293 2473 1338 2496 ex
1370 2465 1423 2497 eis
1453 2473 1498 2496 ne
1521 2472 1617 2496 unus

8 2512 184 2560 Quidem
207 2516 314 2559 plane
338 2517 446 2560 idem,
471 2517 543 2551 duo
568 2519 679 2552 modo
698 2520 835 2552 similes
859 2517 1007 2565 (Καῖσαρ
1031 2530 1100 2563 pro
1127 2517 1317 2566 Καίσαριος
1342 2523 1378 2554 et
1401 2517 1616 2564 Ἀρτεμισιών

10 2568 103 2617 {pro
125 2567 338 2618 Ἀρτεμίσιος)
363 2577 557 2608 recurrunt
584 2576 621 2608 in
646 2577 743 2609 veris
768 2576 870 2609 fastis
901 2578 1114 2619 provinciae
1135 2578 1253 2620 Asiae,
1283 2578 1415 2620 reliqui
1440 2575 1615 2621 (Τιβέριος,

14 2621 260 2678 Ξἓῖὶπατοιίριος,
282 2628 491 2674 Ποσειδάων,
515 2630 679 2676 Λήναιος,
703 2628 802 2678 ‘lepos
805 2632 981 2678 ἐβασ(τος,)
1005 2631 1225 2680 Εὐαγγὲλιος,
1252 2632 1490 2678 Στρατόνικος,
1513 2629 1615 2666 Em-

0 2701 23 2735 5
8 2672 208 2728 Ι’ἑξόμβοιιοῆ
236 2683 369 2725 mmo:
373 2685 603 2731 ,Λαοδίκιοώ
640 2689 686 2722 ab
721 2691 790 2723 illis
821 2691 1032 2724 alienissimi
1065 2694 1166 2734 sunt;
1204 2701 1362 2734 quorum
1399 2692 1443 2724 de
1478 2690 1547 2722 fide
1581 2692 1615 2721 et

17 2730 172 2787 {Drigine
194 2744 284 2785 quid
306 2746 539 2778 statuendum
563 2747 611 2779 sit
628 2756 699 2780 non
715 2747 833 2781 video.
942 2751 986 2781 44
1019 2749 1309 2790 Hemerologium
1335 2749 1394 2781 hic
1415 2745 1615 2792 Ἀρτεμίσιος

15 2793 153 2843 hbet,
177 2809 271 2842 quae
294 2804 350 2834 est
373 2805 545 2836 constans
568 2805 755 2846 ceteroqui
781 2806 816 2837 in
841 2805 942 2838 fastis
957 2806 1198 2839 Macedonicis
1222 2806 1379 2838 nominis
1404 2804 1530 2836 forma.
1570 2803 1615 2833 At

0 2855 2 2893 Ι
16 2855 120 2892 m
142 2856 288 2891 decreto
313 2860 448 2892 mirum
472 2861 509 2892 in
541 2861 692 2894 modum
718 2863 889 2895 convenit
919 2863 1025 2895 titulo
1050 2863 1206 2904 Ephesio
1231 2861 1335 2903 Syll.2
1351 2863 1427 2901 656,
1448 2862 1490 2891 38
1522 2862 1614 2903 μῆνα

0 2909 245 2971 ’[γυιλοῦμενον
268 2910 347 2958 παρ’
362 2913 470 2960 ἠ[μ]ῖν
495 2917 556 2960 μὲν
580 2913 851 2963 Ἀρι-[εμισήῶνῳ
883 2917 975 2962 παρὰ
1000 2918 1038 2950 δὲ
1062 2915 1256 2952 Μακεδόσιν
1287 2916 1346 2949 καὶ
1374 2918 1446 2952 τοῖς
1477 2914 1613 2952 )οιποῖς

0 3076 42 3126 1⁴³*-
