1858 3126
222 170 307 210 404
403 168 492 201 Vlli.
530 168 677 210 Imperii
701 168 855 201 Romani
879 169 1090 210 provinciae
1116 168 1318 202 orientales.
1368 172 1398 202 9.
1422 169 1619 212 Aegyptus.
1730 170 1808 213 [669

336 305 459 360 μένην
495 305 680 362 χώραν91
710 304 780 347 καὶ
816 303 882 347 τὸν
915 304 1187 362 Μαρεοῖιτην92
1218 306 1430 362 [λαβεῖν93.
1469 306 1532 348 διὸ
1569 307 1767 349 ualeam&
1801 306 1806 363 Ι

336 374 435 428 το]ῖς
465 371 570 416 κατὰ
601 373 722 429 νομὸν
754 376 988 430 στρατηγοῖς
1018 373 1129 416 ἵνα95
1160 373 1198 416 εἴ
1232 391 1321 417 τινα
1357 377 1506 422 καινῶς
1544 379 1611 431 τῆι
1645 374 1809 432 ἔγγιστα

336 443 547 499 πενταετίαἰ
558 444 594 471 96
622 440 673 484 τὰ
707 442 822 500 μὴ<ι>
853 444 1043 500 πρότερον
1079 443 1300 499 τελούμενα
1329 444 1558 491 καθολικῶς
1587 444 1678 500 ἢ<ι>
1707 446 1809 500 πλη-

265 522 308 554 50
335 512 462 559 θικῶς
483 514 614 567 νομῶν
637 512 726 567 ἢ<ι>
747 512 989 569 τοπαρ[χιῶν
1021 515 1046 567 ἢ
1078 514 1270 568 κωμῶν97
1301 545 1424 554 .....
1457 511 1469 569 Η
1497 512 1806 570 κα]τεκρίθη<ι>,

337 583 463 622 ταῦτα
494 581 550 628 εἰς
586 580 657 637 τὴν
689 581 885 637 προτέραν
926 580 1037 627 τάξιν
1078 581 1475 637 ἀποκαταστήσωσιν,
1515 582 1705 638 παρέντες
1737 582 1809 624 αὖ·

312 814 348 843 91
390 812 474 844 Pars
499 813 615 844 terrae
638 811 790 853 Aegypti
815 813 850 844 in
877 813 1042 854 proxima
1064 812 1298 845 Alexandriae
1323 813 1456 846 vicinia
1479 814 1557 845 sita.
1599 812 1648 846 Cf.
1673 813 1808 846 Plinius

219 868 260 901 N.
285 869 368 901 hist.
394 868 434 910 V,
465 870 517 910 49,
558 869 621 910 qui
660 869 754 900 inter
786 878 917 902 nomos
954 871 1142 911 postremo
1182 869 1262 902 loco
1297 871 1461 902 recenset
1499 867 1807 913 Gynaecopoliten,

219 923 446 967 Menelaitem
480 923 725 959 Alexandriae
754 924 947 970 reyione‘m.
996 927 1223 960 Ptolemaeus
1246 926 1303 969 IV,
1323 930 1354 969 5,
1373 929 1415 960 ⁴8
1442 936 1476 969 p.
1496 929 1574 969 702,
1593 929 1610 958 3
1627 935 1706 969 sqq.
1739 925 1806 960 ἀπὸ

219 983 281 1026 μὲν
307 980 435 1019 δύσεως
459 985 518 1016 τοῦ
545 980 707 1028 Μεγάλου
733 986 888 1027 ποταμοῦ
915 982 981 1016 ἀπὸ
1007 982 1182 1028 θαλάσσης
1212 982 1393 1030 ἀρχομένῳ
1418 981 1658 1030 Ἀλεξανδρέων
1688 985 1806 1031 χώρας

216 1040 319 1084 νομὸς
344 1039 403 1073 καὶ
429 1038 641 1084 μητρόπολις
654 1036 787 1084 Ἑρμοῦ
813 1039 913 1077 πόλις
932 1039 1047 1084 μικρά.
1084 1041 1344 1083 Wesselingius
1371 1041 1416 1074 ab
1432 1042 1628 1074 Athanasio
1644 1042 1807 1075 Dracon-

217 1099 311 1131 tium
337 1097 446 1130 modo
470 1101 532 1142 τῆς
556 1093 798 1141 Ἀλεξανδρέων
822 1098 939 1143 χώρας
971 1099 1048 1130 sive
1074 1097 1108 1131 ἐν
1133 1098 1178 1144 τῇ
1201 1094 1439 1140 Ἀλεξανδρέων
1464 1099 1563 1145 χώρᾳ
1592 1099 1703 1132 modo
1724 1095 1807 1144 ‘Ep-

218 1154 419 1199 μουπόλεως
461 1156 584 1198 μικρᾶς
628 1155 842 1196 episcopum
885 1156 1059 1197 appellari
1099 1156 1319 1189 observavit.
1383 1155 1459 1189 Hoc
1498 1156 1675 1199 oppidum
1718 1165 1805 1190 vero

218 1213 383 1245 hodierni
407 1210 632 1246 Damanhzir
657 1213 735 1245 loco
761 1214 872 1245 situm
898 1213 1008 1245 fuisse
1033 1215 1184 1246 constat.
1303 1216 1345 1245 92
1379 1214 1489 1255 Regio
1521 1214 1589 1246 sita
1622 1213 1668 1246 ad
1697 1214 1806 1246 meri-

217 1271 396 1304 dionalem
422 1279 523 1303 oram
550 1271 729 1303 notissimi
755 1271 854 1303 lacus
871 1271 1100 1305 Mareotidos,
1145 1271 1198 1303 lbi
1223 1271 1351 1304 urbem
1369 1272 1526 1304 Mai-eam
1551 1271 1673 1313 fuisse,
1697 1272 1806 1304 meri-

217 1329 312 1361 diem
338 1331 374 1360 et
399 1328 623 1360 occidentem
650 1336 781 1360 versus
806 1327 852 1360 ab
875 1328 1098 1370 Alexandria,
1132 1330 1284 1362 constat.
1334 1328 1382 1361 Cf.
1409 1329 1578 1369 Herodot.
1602 1329 1643 1372 11,
1669 1331 1724 1362 48.
1749 1331 1803 1362 30.

217 1386 378 1427 Thucyd.
398 1386 423 1427 Ι,
443 1387 519 1426 404,
539 1388 569 1417 4.
598 1384 746 1417 Diodor.
765 1386 789 1427 I,
809 1388 863 1426 68,
881 1388 912 1418 ⁵.
946 1386 1150 1418 Athenaeus
1175 1386 1200 1428 1,
1220 1388 1261 1417 33
1277 1385 1310 1418 d,
1341 1387 1461 1428 Steph.
1480 1385 1565 1428 Byz.
1583 1394 1659 1420 S.v.
1696 1385 1804 1428 Regio

216 1444 313 1475 circa
343 1452 422 1475 eam
454 1443 522 1474 sita
556 1442 656 1484 quod
688 1443 746 1474 hic
779 1442 976 1475 masculine
1006 1441 1024 1476 ὁ
1050 1439 1243 1488 Μαρεώτης
1273 1443 1486 1485 appellatur,
1517 1443 1552 1476 id
1583 1451 1655 1476 non
1682 1445 1805 1486 potest

215 1509 287 1532 non
311 1500 354 1532 ad
383 1509 513 1532 nomen
537 1498 643 1542 νομός
669 1501 789 1531 mente
814 1499 1059 1541 supplendum
1083 1500 1219 1532 referri.
1268 1500 1312 1532 Et
1344 1509 1382 1532 re
1408 1509 1494 1533 vera
1523 1500 1704 1533 eiusmodi
1737 1509 1803 1533 no·

216 1566 318 1589 mum
343 1557 447 1589 novit
473 1557 700 1589 Ptolemaeus
718 1557 844 1598 Geogr.
864 1557 920 1598 IV,
940 1560 970 1599 5,
990 1559 1032 1590 45
1059 1566 1093 1599 p.
1114 1560 1190 1599 698,
1211 1560 1250 1589 40
1277 1554 1468 1601 Μαρεώτου
1495 1556 1532 1590 δὲ
1555 1560 1663 1601 νομοῦ
1687 1555 1804 1595 πόλεις

213 1613 272 1647 καὶ
295 1618 412 1657 κῶμαι
442 1611 529 1656 αἵδε,
559 1623 645 1646 cum
672 1614 806 1646 Plinius
830 1614 873 1646 N.
899 1615 981 1647 hist.
1001 1615 1041 1657 V,
1067 1617 1119 1648 39.
1148 1616 1189 1647 49
1221 1615 1417 1648 Mareotida
1449 1615 1634 1657 regionem
1666 1615 1803 1657 Libyae

214 1673 321 1714 dicat,
347 1671 513 1713 Aegypto
541 1672 814 1704 conterminam.
865 1672 968 1710 Quod
993 1673 1164 1713 quoniam
1191 1673 1342 1714 Aegypti
1374 1681 1418 1705 an
1443 1672 1579 1714 Libyae
1602 1674 1699 1705 esset
1722 1681 1804 1705 am-

216 1729 418 1771 bigebatur,
445 1737 518 1761 non
544 1729 678 1760 mirum
704 1732 760 1761 est
782 1738 860 1761 eam
888 1730 923 1761 in
950 1730 1098 1771 reliquis
1116 1739 1313 1762 nomorum
1331 1730 1594 1772 Aegyptiorum
1618 1729 1802 1763 laterculis

214 1796 286 1820 non
310 1786 474 1819 inveniri.
593 1788 634 1818 93
667 1786 851 1828 Supplevi.
894 1786 1058 1819 Editores
1084 1787 1212 1818 lacuna
1228 1787 1316 1819 nihil
1333 1787 1506 1820 baustum
1527 1795 1607 1819 esse
1632 1786 1700 1819 sibi
1719 1795 1802 1829 per-

214 1846 408 1877 suaserunt
439 1844 508 1876 nisi
538 1844 681 1876 initium
715 1844 891 1876 enuntiati
921 1844 1090 1885 proximi.
1138 1844 1183 1876 At
1213 1845 1266 1876 sic
1295 1844 1384 1886 quid
1413 1844 1483 1877 sibi
1512 1844 1594 1877 vult
1623 1842 1799 1888 ἔφθασενῖ

213 1901 291 1939 Nisi
316 1900 429 1934 verbo
461 1899 600 1945 φθάνειν
625 1900 699 1933 τινά
732 1900 1032 1942 significationem
1063 1901 1203 1934 tribuas
1235 1901 1338 1943 plane
1370 1901 1570 1934 inauditam
1599 1903 1709 1944 atque
1742 1901 1800 1934 in-

213 1959 434 2001 credibilem,
462 1959 531 1991 hoc
555 1959 782 1991 enuntiatum
808 1967 918 1991 sensu
942 1967 1086 1991 cassum
1112 1959 1169 1992 sit.
1210 1958 1328 1997 Quare
1343 1959 1521 1991 infinitivo
1544 1958 1672 2000 (quiin
1689 1958 1799 1992 huius

212 2017 309 2048 tituli
339 2024 506 2048 sermone
537 2016 663 2048 eadem
690 2016 835 2048 notione
860 2025 944 2048 cum
971 2014 1091 2060 φθάνω
1119 2016 1351 2057 coniungitur
1375 2024 1416 2048 ae
1441 2015 1674 2057 participium
1700 2016 1798 2058 apud

211 2072 359 2113 Atticos)
386 2081 479 2114 opus
503 2072 580 2105 fuit.
622 2073 873 2114 compositum
898 2071 1105 2116 καταλαβεῖν
1131 2073 1239 2105 etiam
1265 2072 1385 2113 aptius
1409 2073 1497 2114 erat,
1523 2071 1587 2104 sed
1611 2072 1647 2105 id
1671 2073 1797 2115 reponi

212 2130 321 2171 spatii
345 2130 504 2161 rationes
528 2131 662 2162 vetant.
782 2132 823 2161 94
856 2130 1039 2171 Supplevi.
1089 2126 1322 2173 [παραγγέλλω
1348 2127 1385 2161 δὲ
1409 2127 1478 2170 καὶ]
1502 2129 1644 2171 Bissing
1675 2130 1796 2163 minus

211 2189 304 2229 apte,
331 2185 394 2228 [διὸ
419 2185 655 2232 παραγγέλλω]
682 2187 802 2228 Franz,
829 2187 927 2228 quod
953 2195 1018 2228 per
1043 2195 1081 2219 se
1106 2186 1233 2228 placet,
1266 2186 1330 2219 sed
1355 2186 1586 2220 abiciendum
1619 2187 1686 2221 fuit
1709 2189 1796 2230 quia

211 2246 316 2277 antea
347 2244 475 2285 reponi
509 2243 665 2276 debebat
690 2243 889 2276 infinitivus
916 2242 999 2284 (not.
1020 2243 1084 2284 93).
1124 2242 1256 2276 κελεύω
1288 2253 1372 2276 cum
1404 2244 1528 2278 dativo
1561 2245 1794 2278 coniunctum

210 2301 304 2334 redit
339 2300 430 2334 infra
465 2310 500 2333 v.
527 2303 568 2333 53
607 2309 723 2342 neque
760 2302 907 2333 omnino
949 2301 1008 2333 illa
1045 2302 1161 2333 aetate
1197 2301 1393 2343 quicquam
1430 2301 1539 2335 habet
1574 2301 1794 2336 offensionis.

211 2362 253 2392 95
286 2358 334 2391 Cf.
361 2360 434 2391 not.
455 2360 508 2390 43.
650 2361 691 2390 96
724 2358 798 2390 Hoc
830 2358 1117 2399 quinquennium
1149 2358 1193 2390 de
1224 2360 1316 2392 stata
1347 2359 1504 2401 quadam
1537 2359 1698 2402 periodo,
1728 2368 1794 2402 per

210 2424 319 2457 quam
343 2415 576 2456 vectigalium
602 2415 870 2447 aestimationes
896 2417 1156 2457 repeterentur,
1188 2416 1418 2458 interpretari
1442 2417 1559 2449 vetuit
1582 2416 1618 2450 U.
1628 2416 1793 2450 Wileken

211 2473 268 2504 Gr.
287 2472 468 2505 Ostrakal
495 2481 528 2514 p.
548 2473 625 2514 45⁴,
650 2472 734 2513 quia
760 2472 796 2504 id
821 2473 857 2504 in
881 2472 1045 2514 Aegypto
1071 2474 1193 2514 potius
1218 2474 1510 2515 quattuordecim
1535 2474 1637 2506 annis
1660 2473 1792 2516 elapsis

211 2529 347 2562 factum
373 2530 478 2561 esset.
529 2529 692 2560 Fortasse
717 2529 925 2570 proximum
951 2529 1058 2562 huius
1084 2531 1223 2571 generis
1248 2530 1406 2563 edictum
1432 2531 1560 2572 quinto
1591 2539 1685 2564 anno
1710 2532 1792 2563 ante

209 2586 344 2619 iactum
370 2594 450 2618 esse
475 2587 538 2618 aut
563 2585 630 2618 alia
655 2585 699 2618 de
724 2594 833 2618 causa
857 2586 1038 2628 praefecto
1070 2586 1218 2620 libuisse
1248 2588 1406 2630 proximi
1430 2588 1660 2630 potissimum
1686 2588 1791 2630 quin-

209 2644 356 2686 quennii
382 2651 440 2676 res
464 2644 499 2675 in
525 2652 675 2675 examen
693 2652 835 2676 vocare.
954 2646 996 2675 97
1027 2643 1069 2675 Hi
1094 2645 1250 2686 genetivi
1267 2644 1452 2687 quomodo
1475 2644 1703 2686 intellegendi
1719 2644 1791 2677 sint

1844 2682 1846 2687 ·
1844 2587 1856 2658 savus
1851 2429 1858 2565 ..νήνι-Λ.

209 2710 279 2734 non
305 2709 491 2742 assequor.
538 2699 629 2733 Nam
655 2710 675 2732 a
699 2698 886 2744 κατεκρίθη
912 2701 1067 2742 pendere
1099 2702 1159 2735 vix
1184 2704 1348 2744 possunt,
1379 2702 1552 2743 quoniam
1583 2710 1654 2734 non
1679 2702 1790 2743 nomi,

209 2758 428 2799 toparchiae,
459 2757 541 2799 vici,
575 2757 638 2790 sed
669 2757 799 2799 singuli
832 2757 998 2790 homines
1024 2759 1212 2800 vectigalia
1236 2758 1392 2801 pendere
1417 2760 1611 2800 coguntur;
1642 2758 1673 2790 si
1706 2758 1789 2800 quis
1840 2755 1849 2781 ³⁴

208 2823 297 2846 vero
323 2823 343 2846 a
366 2812 564 2851 καθολικῶς
588 2811 611 2857 ἢ
638 2811 817 2858 πληθικῶς
848 2813 1004 2856 pendere
1035 2817 1171 2848 statuat
1200 2817 1242 2847 ut
1265 2815 1452 2856 sententia,
1483 2815 1529 2847 sit
1552 2810 1629 2857 ‘per
1661 2822 1788 2848 omnes

208 2873 270 2903 aut
295 2871 488 2913 plerosque
518 2879 662 2914 nomos,
694 2871 911 2913 toparchias,
942 2867 1065 2914 vicos',
1099 2881 1228 2905 vereor
1252 2881 1296 2904 ne
1326 2871 1504 2907 eiusmodi
1529 2871 1813 2905 adverbiorum.

208 2937 293 2960 cum
318 2929 482 2969 genetivo
508 2929 715 2962 coniunctio
740 2929 816 2961 sine
841 2928 1006 2970 exemplo
1033 2930 1089 2962 sit.
