1858 3126
569 135 659 168 vul.
695 135 764 168 Ros
787 136 825 167 et
847 134 962 168 verba
987 134 1215 167 notabiliora.

100 312 105 313 ⁷
148 274 386 325 χίαςθέματα
402 272 544 321 ἐφήβοις
558 284 596 307 τε
618 271 681 307 καὶ
701 270 858 319 ἀνδράσιν

151 333 231 376 339,
248 339 302 368 81.
322 338 364 367 82

99 386 281 434 θεμέλιος·
316 387 384 423 ἀπὸ
414 387 579 433 θεμελίου
609 387 688 430 717,
707 394 737 420 7.
791 384 858 420 άπὸ

148 444 319 492 θεμελίων
334 445 511 492 ἀνήγειρεν
535 444 615 488 422,
630 451 660 478 3.
700 443 768 478 ἀπὸ
790 447 859 477 τῶν

147 501 318 548 θεμελίων
341 499 594 538 κατεσκεύασαν
619 501 697 544 525,
719 507 771 534 14.
821 499 860 534 ἐκ

146 558 318 605 θεμελίων
347 559 427 603 619,
446 566 477 594 6.
508 558 586 602 722,
606 565 636 592 8.
687 557 728 592 ἐκ
756 556 861 602 θεμε-

146 615 231 652 λίων
270 615 359 652 ἅπαν
396 617 436 651 τὸ
471 615 569 662 ἔργον
604 614 860 652 κατασκευάσας

149 675 229 719 580,
247 682 278 710 8.
317 672 566 720 καταρξάμενοι
595 677 664 706 τῶν
689 670 858 717 θεμελίων

147 734 210 767 τοῦ
231 734 317 766 ναοῦ
340 731 419 775 531,
439 737 457 764 ο

101 786 298 826 θεόκτιστος
326 787 426 826 πόλις
459 783 709 833 (Ἐλεφαντίνῃ)
745 786 822 830 168,
841 793 858 819 4

151 846 206 888 (ct.
230 845 309 880 Vol.
327 846 358 879 11
381 844 555 879 Addenda
579 853 613 887 p.
632 844 722 886 545).

103 901 267 949 θεολόγος
292 902 370 946 513,
389 909 406 936 8

102 959 287 995 θεοποιέω·
328 959 414 1003 πρὸς
449 957 548 993 οὐδὲν
583 963 652 992 τῶν
688 956 861 992 θεοποιεῖν

149 1015 251 1051 αὑτὸν
275 1015 333 1050 ἐπὶ
357 1014 462 1050 πλέον
487 1014 728 1060 δυνησομένων
754 1013 862 1048 ἐλλεί-

150 1073 225 1119 ψειν
270 1073 334 1118 τὴν
379 1077 442 1119 τῆς
488 1071 621 1110 πόλεως
668 1070 861 1116 προθυμίαν

150 1131 231 1174 456,
248 1137 292 1164 43

103 1186 321 1234 θεοπρεπὴς·
350 1186 526 1232 θεοπρεπῆ
550 1188 659 1220 ταῦτα
682 1184 864 1231 ἀγάλματα

152 1244 233 1288 383,
250 1252 290 1279 ⁶7

107 1300 297 1350 θεοπρόποι
322 1303 399 1345 530,
420 1307 460 1335 12

106 1357 274 1406 θεοφιλὴς
297 1358 394 1406 ψυχή
420 1357 498 1401 383,
519 1364 559 1391 42

106 1415 271 1462 θεραπεία
294 1416 373 1460 383,
392 1423 445 1450 70.
491 1412 673 1461 θεραπείας
695 1432 743 1438 -
767 1413 864 1461 ἱερῶν

152 1472 359 1519 ἀγαλμάτων
390 1472 469 1515 383,
489 1479 565 1506 131.
614 1470 799 1519 δεχόμενός
828 1483 866 1505 τε

153 1529 212 1564 σὺν
241 1529 407 1578 θεραπείᾳ
441 1533 507 1564 πᾶν
537 1529 575 1563 τὸ
605 1528 865 1574 παρατυγχάνον

153 1585 288 1633 πλῆθος
324 1587 402 1630 383,
432 1594 508 1621 149.
561 1584 618 1620 ἐπὶ
651 1585 865 1631 κατασκευὴν

154 1643 213 1678 καὶ
237 1643 292 1678 ἐπὶ
321 1642 504 1689 θεραπείαν
528 1642 632 1677 αὐτοῦ
665 1644 736 1685 (τοῦ
763 1640 867 1688 ἀγάλ-

157 1701 274 1744 ματος)
300 1701 378 1744 764,
398 1707 437 1734 57

109 1755 323 1803 θεραπευτής
357 1755 529 1803 ναυπηγός
563 1757 714 1799 674,14.
765 1753 866 1800 θερα-

154 1813 274 1848 πευταί
297 1814 376 1858 251,
394 1821 426 1847 4.
452 1814 530 1857 370,
550 1819 568 1847 2

109 1869 308 1917 θεραπεύω·
333 1870 407 1905 ἐπεὶ
431 1870 449 1904 ὁ
475 1869 632 1915 βασιλεὺς
649 1869 867 1913 ἐπέσταλκεν,

155 1927 208 1962 ὅτι
222 1925 512 1974 -θεραπευθείη
538 1926 604 1962 ὑπὸ
628 1925 866 1973 Μητροδώρου

154 1988 217 2019 τοῦ
242 1985 357 2032 ἰατροῦ
383 1986 462 2027 220,
478 1992 507 2020 4.
546 1984 627 2023 τοὺς
645 1985 749 2029 repet<
766 1983 867 2030 θερα-

155 2041 268 2076 πεύειν
297 2041 357 2080 τὰς
387 2041 521 2080 εἰκόνας
550 2042 621 2087 τρὶς
651 2045 713 2087 τῆς
736 2040 868 2089 ἡμέρας
901 2051 906 2109 Ι

157 2099 214 2142 90,
232 2106 274 2133 4ο

111 2154 235 2203 θέρμοι
257 2157 312 2200 55,
334 2163 372 2190 16

111 2211 251 2258 θερμός·
277 2211 414 2258 θερμῶν
438 2212 572 2247 ὑδάτων
599 2213 676 2256 199,
696 2220 733 2247 11

111 2268 214 2315 θέρος
238 2270 293 2314 56,
312 2276 367 2303 41.
387 2275 427 2303 42

111 2325 221 2364 θέσις·
278 2326 314 2361 ἐν
359 2326 405 2375 τῇ
449 2331 518 2360 τῶν
567 2326 729 2362 ἐπάθλων
775 2326 869 2362 θέσει

159 2383 238 2427 764,
257 2391 310 2418 41.
366 2382 478 2421 θέσεις
503 2382 707 2430 ἀκοντισμοῦ
730 2384 790 2418 καὶ
812 2396 869 2418 το-

160 2438 248 2480 ξείας
271 2440 350 2484 339,
370 2447 409 2474 34

113 2494 280 2536 θεσπίζω·
326 2500 434 2532 ταῦτα
480 2498 519 2532 δὲ
564 2498 622 2532 καὶ
669 2497 704 2531 ἐν
753 2497 869 2535 αὐτοῖς

158 2552 366 2599 προτεθῆναι
393 2557 466 2592 τοῖς
497 2554 614 2593 τόποις
643 2553 868 2599 ἐθεσπίσαμεν

160 2610 240 2653 521,
258 2617 275 2643 9

113 2663 383 2711 θεσπιῳδοῦντος
408 2669 485 2711 530,
507 2675 523 2701 6

112 2721 271 2768 θεωρέιυ·
306 2722 331 2769 ἡ
362 2722 533 2771 Αἴγυπτος
560 2724 620 2762 τὰς
649 2726 711 2758 τοῦ
741 2720 868 2758 Νείλου

162 2778 291 2824 δωρεὰς
319 2780 550 2826 ἐπαυξομένας
582 2776 656 2814 κατ’
675 2780 750 2818 ἔτος
782 2779 869 2814 θεω-

163 2838 268 2880 ροῦσα
302 2837 453 2880 666,1ο.
505 2837 647 2882 θεωρῶν
685 2835 744 2870 οὖν
780 2835 870 2881 ὑμᾶς

162 2894 452 2938 μετανενοηκότας
478 2895 554 2937 751,
577 2901 593 2928 9
624 2923 629 2928 .

1600 133 1684 174 667

929 271 1058 317 θεωρία
1081 272 1160 315 268,
1179 279 1210 306 8.
1255 274 1333 308 ταῖς
1356 269 1688 318 παραγεγενημέναις

975 328 1134 376 θεωρίαις
1158 329 1207 367 εἰς
1230 327 1272 362 τὰ
1296 324 1495 373 Νικηφόρια
1518 327 1597 371 764,
1616 333 1658 361 12

930 385 1144 431 θεωροδοκία
1166 386 1246 428 241,
1267 392 1319 419 17.
1366 382 1572 427 θεαροδοκία
1595 384 1650 427 66,
1669 390 1687 418 2

930 440 1148 489 θεωροδόκος
1172 442 1252 485 233,
1270 449 1324 476 96.
1354 442 1433 484 305,
1455 448 1507 475 13.
1537 441 1617 485 319,
1634 447 1688 475 21.

978 500 1057 543 352,
1075 507 1116 534 50

932 555 1062 604 θεωρός
1087 557 1143 600 36,
1162 564 1192 591 4.
1232 555 1360 601 θεωροί
1385 557 1462 598 150,
1480 562 1512 588 4.
1537 555 1616 598 228,
1637 561 1688 588 14.

978 614 1055 658 229,
1076 622 1105 648 5.
1131 615 1210 658 232,
1231 622 1259 648 5.
1285 613 1432 657 233,73.
1458 612 1537 655 241,
1556 619 1586 646 3.
1612 611 1690 654 319,

979 678 1083 706 6.10.
1104 678 1156 705 18.
1175 677 1229 705 21.
1248 677 1288 704 24

931 727 1116 775 θηβάρχης
1144 728 1219 772 190,
1237 735 1268 762 7.
1308 726 1486 774 θηβάρχαι
1511 727 1588 771 139,
1607 733 1624 760 6

932 785 1042 831 θήρα·
1081 784 1138 819 ἐπὶ
1164 786 1228 831 τὴν
1261 783 1371 830 θήραν
1402 789 1471 818 τῶν
1496 782 1691 829 ἐλεφάντων

979 844 1035 886 82,
1054 849 1085 877 6.
1115 843 1170 886 86,
1190 850 1207 876 8

933 899 1087 948 θηρεύω·
1125 898 1184 938 οὓς
1217 898 1425 945 (ἐλέφαντας)
1458 897 1476 932 ὅ
1506 909 1543 931 τε
1579 896 1692 941 πατὴρ

980 956 1083 991 αὐτοῦ
1126 954 1352 1001 (Πτολεμαίου
1391 958 1451 990 τοῦ
1491 953 1692 1001 Εὐεργέτου)

979 1015 1037 1048 καὶ
1077 1013 1178 1052 αὐτὸς
1214 1018 1343 1059 πρῶτοι
1382 1011 1423 1046 ἐκ
1460 1017 1529 1046 τῶν
1568 1015 1692 1059 χωρῶν

979 1070 1110 1106 τούτων
1135 1070 1325 1116 ἐθήρευσαν
1349 1071 1405 1112 54,
1424 1076 1462 1103 11

936 1127 1041 1173 θηρία
1065 1128 1142 1171 533,
1163 1135 1179 1161 8

936 1185 1129 1231 θηριώδους
1151 1183 1389 1221 καταστάσεως
1413 1183 1492 1226 424,
1513 1190 1530 1217 3

936 1241 1138 1289 θηρομαχία
1162 1242 1240 1284 533,
1259 1248 1300 1274 48

935 1299 1215 1346 θισσαρχήσαντα
1239 1296 1407 1336 πολλάκις
1431 1297 1509 1341 529,
1530 1304 1547 1330 5

936 1356 1088 1391 θιασῖται
1112 1357 1167 1399 97,
1189 1363 1241 1390 11.
1267 1357 1345 1398 735,
1365 1361 1418 1389 23.
1438 1360 1479 1388 24

936 1413 1047 1459 θλίβω
1057 1423 1066 1432 ·
1092 1413 1166 1448 ἐπεὶ
1182 1412 1359 1458 θλιβέντες
1376 1411 1420 1457 ἐμ
1433 1410 1580 1445 πλείοσιν
1593 1409 1695 1446 ἀσθε-

980 1476 1049 1510 νῶς
1081 1471 1228 1519 σχήσετε
1263 1470 1341 1513 751,
1360 1476 1391 1503 8.
1436 1466 1694 1512 τεθλειμμένων

982 1527 1084 1574 ἡμῶν
1105 1528 1140 1568 ἐξ
1165 1527 1249 1561 ἐτῶν
1274 1525 1442 1560 πλειόνων
1465 1525 1544 1568 339,
1566 1531 1618 1559 54.
1659 1524 1694 1559 έν

983 1584 1035 1623 οἷς
1059 1584 1119 1620 καὶ
1142 1582 1268 1631 Μηνᾶς
1296 1583 1339 1629 ἦν
1364 1581 1507 1620 πολλοῖς
1535 1580 1695 1627 τεθλειμ-

984 1642 1086 1687 μένος
1111 1643 1189 1685 339,
1210 1649 1249 1675 59

938 1699 1071 1745 θλῖψις·
1108 1698 1165 1732 διὰ
1198 1698 1259 1736 τὰς
1293 1703 1361 1732 τῶν
1398 1697 1532 1731 πόλεων
1563 1695 1696 1742 θλίψεις

984 1757 1063 1799 444,
1085 1763 1124 1789 15

939 1812 1036 1857 θοίνη
1062 1813 1140 1855 383,
1162 1819 1223 1846 ιω

939 1869 1086 1915 θόρυβον
1112 1869 1150 1903 οὐ
1174 1869 1232 1903 τὸν
1256 1867 1403 1914 τυχόντα
1421 1866 1634 1913 παρέχοντας
1660 1864 1695 1899 ἐν

983 1930 1059 1964 ταῖς
1084 1924 1226 1971 βουλαῖς
1254 1924 1313 1959 καὶ
1337 1924 1371 1958 έν
1400 1927 1476 1962 ταῖς
1501 1921 1697 1969 ἐκκλησίαις

983 1984 1039 2027 48,
1059 1991 1089 2018 9.
1111 1990 1149 2016 10

939 2040 1079 2086 θρέμμα
1114 2040 1192 2083 629,
1212 2047 1264 2074 65.
1324 2037 1508 2084 θρέμματα
1542 2037 1695 2080 200,12.

985 2098 1063 2142 629,
1085 2106 1120 2132 17
1130 2106 1159 2132 5.
1179 2103 1242 2131 173

938 2153 1106 2201 θρησκεία
1135 2154 1236 2199 (-ήα)·
1268 2153 1347 2196 458,
1366 2158 1437 2186 24.1
1467 2156 1578 2186 πᾶσαν
1613 2150 1697 2197 θρη-

985 2210 1098 2245 σκείαν
1124 2210 1349 2245 ἐκτελέσασαν
1376 2210 1419 2257 τῇ
1445 2208 1517 2254 θεῷ
1545 2209 1623 2251 513,
1645 2214 1696 2241 13.

985 2267 1038 2306 οἷς
1068 2266 1092 2312 ἡ
1126 2267 1292 2314 θρησκεία
1323 2265 1515 2312 μεμέληται
1545 2264 1623 2307 569,
1645 2271 1696 2298 13.

984 2325 1026 2372 τῇ
1059 2330 1127 2358 τῶν
1158 2324 1333 2371 ὁμογενῶν
1366 2322 1462 2368 ὑμῶν
1493 2321 1581 2356 θεῶν
1613 2319 1697 2367 θρη-

985 2381 1082 2427 σκείᾳ
1114 2382 1192 2425 569,
1212 2388 1264 2416 23.
1317 2378 1556 2416 ἀναλίσκοντες
1587 2375 1637 2415 ε’ίς
1660 2389 1696 2410 τε

985 2438 1104 2477 θυσίας
1132 2439 1191 2473 καὶ
1226 2436 1411 2483 θρησκείας
1445 2440 1514 2469 τῶν
1548 2433 1696 2480 πατρίων

984 2494 1086 2541 ἡμῶν
1111 2494 1202 2530 θεῶν
1228 2495 1306 2538 595,
1326 2502 1356 2529 9.
1378 2501 1419 2528 24

939 2552 1121 2600 θρήσκιον·
1145 2553 1188 2587 τὰ
1213 2552 1286 2596 ἱερὰ
1310 2551 1459 2597 θρήσκια
1484 2550 1561 2592 210,
1581 2556 1597 2582 9

939 2609 1079 2654 θρόνος·
1113 2608 1284 2653 βασιλείαν
1316 2607 1414 2651 ἐμοῖς
1440 2605 1591 2650 ὑπήκοον
1615 2603 1697 2648 θρό-

984 2678 1055 2703 νοις
1088 2666 1166 2708 383,
1186 2672 1239 2700 25.
1291 2665 1374 2709 πρὸς
1410 2660 1588 2707 οὐρανίους
1619 2658 1698 2698 Διὸς

981 2718 1199 2767 Ὤρομάσδου
1224 2720 1368 2764 θρόνους
1392 2719 1470 2761 383,
1488 2724 1530 2750 42

940 2777 1093 2823 θυγάτηρ
1119 2776 1275 2821 passim.
1334 2773 1505 2821 θυγατέρα
1534 2778 1598 2821 τῆς
1631 2786 1698 2821 μη-

984 2833 1179 2879 τροπόλεως
1205 2834 1282 2876 545,
1301 2839 1318 2865 4

941 2890 1125 2937 θυγατριδῆ
1150 2891 1229 2934 403,
1251 2897 1290 2923 15
