1858 3126
211 136 293 176 290
435 134 525 167 VIII.
562 134 708 176 Imperii
734 134 884 166 Romani
909 134 1116 175 provinciae
1143 133 1344 166 orientales.
1394 137 1426 167 7.
1451 135 1564 177 Syria.
1710 135 1789 178 [595

327 271 457 326 μένειν
502 269 566 312 ἀεὶ
610 269 681 326 τὴν
721 270 937 311 στατίωνα·
978 269 1237 326 δ<ε>ιαμενΙεῖ
1277 269 1335 325 δὲ,
1381 268 1453 312 ἐὰν
1489 272 1677 327 πρόνοιαν
1713 275 1789 314 τῶν

328 336 412 382 κατ’
461 340 548 386 ἔτος
588 338 805 394 διδομένων
843 339 901 385 εἰς
937 338 1007 394 τὴν
1046 339 1240 394 μίσθωσιν
1277 336 1387 381 ※0v‘
1424 340 1687 395 ποιήσασθεθ.
1738 338 1789 382 τὰ

325 406 405 465 γὰρ
448 407 578 464 ἕτεΙρα
622 407 870 462 ἀναλώματα
911 407 981 449 καὶ
1017 406 1067 448 τὰ
1104 408 1316 463 γεινόμενα
1350 409 1407 455 εἰς
1445 409 1686 465 ἐπισκευὴν9
1719 413 1790 464 τῆς

259 488 300 522 15
329 476 544 524 στατίωνος
579 476 636 524 εἰς
672 473 746 524 τοὶς
787 472 897 531 ἱερὰς
932 475 1089 532 ἡμέρας
1124 478 1194 517 τοῦ
1232 474 1244 532 ΙΙ
1273 475 1412 532 κυρίου
1448 475 1740 534 αὐτοκράτορος
1756 479 1791 506 1⁰

323 545 675 601 συνπεσοι’>σ(η)ς11
710 545 866 591 ἑαυτοῖς
902 542 1194 600 ἐλογισάμεθα,
1226 542 1294 586 ἵνα
1325 544 1378 601 μὴ
1409 544 1481 601 τὴν
1511 546 1626 587 πόλιν
1657 546 1791 602 βαρῶ-

325 631 408 670 μεν.
444 614 448 670 1
483 614 834 670 ὑπομιμνήσκομεν
874 612 917 654 δὲ
955 612 1057 668 ὑμᾶς
1093 615 1156 654 ὅτι
1192 614 1362 668 οὐδεμία
1389 614 1586 669 πρόσοδος
1615 614 1789 668 γείνεται

323 683 413 725 οὔτε
456 681 570 739 παρὰ
606 683 846 738 ναυκλήρων
886 680 890 737 Ι
930 680 1020 723 οὔτε
1054 678 1166 737 παρὰ
1204 682 1390 738 ἐμπόρων
1425 687 1475 738 τῇ
1511 681 1660 724 ἐνθάδε
1696 698 1790 724 στα-

322 751 479 794 τίωνι12
513 753 568 798 ὡς
606 752 646 793 ἐν
681 756 731 806 τῇ
762 750 947 806 <βασιδι>
988 750 1164 806 βασιλίδι
1191 746 1334 806 Ῥώμῃ
1347 751 1399 779 ¹³·
1434 752 1748 806 παρακαλοῦμεν
1782 750 1786 806 Ι

202 893 262 924 τοῦ
287 888 390 923 τόκου
414 888 548 931 αὸτ[ιῑ»]ν
574 888 746 931 (quinque
771 888 912 920 milium
930 887 1162 920 denariorum
1186 896 1279 929 quae
1297 888 1448 930 Satyrus
1466 888 1594 920 Philini
1609 888 1630 921 f.
1649 889 1786 931 populo

204 947 414 988 donaverat)
440 945 475 979 ἐν
493 945 537 992 τῇ
558 949 620 991 τῆς
639 942 823 989 βουθυσίας
847 942 977 990 ἑορτῇ
999 939 1070 977 ’κατ’
1087 942 1163 981 ἔτος
1187 942 1326 977 διδῶται
1348 947 1421 981 τοῖς
1437 943 1788 992 εὐωχηθ[η]σομὲνοις

203 1003 239 1037 ἐν
263 1004 314 1050 τῷ
338 1003 419 1049 ἱερῷ
440 1001 634 1047 ἐλευθέροις
658 999 795 1046 Τηνίοις
817 995 893 1034 κατ’
904 999 1012 1045 ἄνδρα
1033 999 1203 1045 δηνάριον.
1325 1004 1344 1035 8
1376 1001 1503 1035 Utrum
1528 1002 1572 1035 de
1596 1001 1788 1047 ποιήσησθε

203 1071 248 1094 an
273 1062 317 1095 de
340 1058 524 1105 ποιήσεσθε
547 1059 763 1101 cogitaverit
786 1059 848 1101 qui
873 1058 1020 1090 titulum
1045 1058 1273 1101 conscripsit,
1305 1059 1342 1091 in
1366 1059 1486 1092 medio
1509 1059 1786 1102 relinquendum

202 1122 273 1161 est;
305 1128 389 1152 nam
414 1118 560 1152 soloeca
584 1116 784 1160 particulae
810 1114 867 1149 ἐάν
898 1125 983 1148 cum
1008 1115 1080 1148 ind.
1105 1115 1218 1148 futuri
1248 1116 1458 1149 coniunctio
1488 1116 1548 1150 illa
1577 1118 1694 1150 aetate
1725 1118 1787 1151 vix

204 1176 396 1210 offensioni
420 1184 500 1208 esse
525 1176 657 1217 potest.
776 1177 795 1206 9
829 1173 910 1206 Non
942 1174 998 1206 est
1029 1172 1129 1215 quod
1160 1172 1259 1206 aliud
1289 1173 1349 1206 hic
1378 1173 1416 1206 in
1447 1175 1593 1207 nomine
1623 1172 1785 1219 ἐπισκευὴ

200 1235 319 1266 inesse
343 1241 544 1274 sumamus,
571 1233 681 1273 atque
706 1230 803 1272 alibi,
827 1230 893 1263 ubi
917 1231 953 1262 et
977 1230 1055 1272 ipsa
1079 1231 1116 1262 et
1138 1229 1292 1262 verbum
1317 1229 1548 1269 ἐπισκευάζειν
1573 1239 1718 1274 semper
1742 1231 1787 1264 de

202 1291 404 1324 reficiendis
429 1299 522 1332 quae
546 1289 642 1322 laesa
667 1290 730 1321 aut
754 1288 936 1321 vetustate
968 1287 1129 1329 collapsa
1162 1289 1248 1319 sunt
1280 1287 1454 1329 operibus
1476 1290 1687 1330 usurpatur.
1735 1289 1784 1322 Cf.

200 1351 273 1382 not.
293 1352 346 1381 44.
467 1350 507 1379 40
540 1347 646 1379 Recte
677 1346 773 1377 diem
806 1345 963 1377 natalem
995 1346 1031 1376 et
1063 1344 1160 1376 diem
1190 1345 1336 1387 imperii
1365 1345 1542 1378 intellexit
1563 1345 1686 1379 Franz.
1734 1346 1784 1379 Cf.

200 1415 232 1438 n.
253 1408 329 1447 524,
349 1408 379 1438 8.
399 1408 429 1437 9.
537 1407 573 1436 44
607 1403 856 1436 ΠΕΟΟΥΟΝΟ
880 1402 983 1444 lapis.
1023 1401 1184 1443 Apparet
1202 1402 1228 1434 Ν
1246 1410 1371 1434 errore
1386 1402 1554 1444 incisum,
1579 1403 1644 1435 sed
1660 1403 1784 1436 statim

199 1463 433 1495 emendatum
446 1470 536 1494 esse.
569 1461 651 1493 Iure
664 1470 685 1493 a
699 1461 858 1502 Franzio,
872 1460 936 1501 qui
952 1460 988 1491 et
1000 1459 1059 1491 hic
1071 1461 1155 1491 etv.
1167 1461 1220 1491 28.
1232 1461 1275 1492 29
1293 1457 1551 1503 συμπεσούσ(α)ς
1566 1460 1784 1504 emendavit,

199 1520 418 1552 dissentiunt
434 1520 681 1551 Mommsenus
698 1519 734 1550 et
751 1517 944 1549 Kalbelius.
982 1516 1051 1548 Sed
1067 1514 1167 1557 quod
1185 1515 1303 1548 eidem
1324 1516 1362 1548 id
1381 1515 1533 1550 indicari
1549 1517 1618 1550 sibi
1634 1526 1785 1560 persua-

199 1579 336 1619 serunt,
363 1576 538 1618 obtigisse
563 1576 655 1608 hanc
680 1575 873 1607 stationem
899 1573 1030 1615 Tyriis,
1055 1572 1212 1614 probare
1236 1581 1387 1614 nequeo.
1436 1573 1576 1606 Etenim
1602 1573 1785 1608 συνπεσού-

200 1644 260 1678 σης
293 1632 429 1670 ἑαυτοῖς
462 1631 599 1674 (αὑτοῖς)
632 1632 802 1672 coniungi
835 1639 907 1663 non
946 1631 1040 1672 licet,
1077 1629 1164 1671 quia
1197 1627 1428 1674 ἐλογισάμεθα
1463 1627 1680 1676 (ἐλογίσαντο)
1713 1632 1784 1664 hoc

199 1691 323 1724 dativo
356 1698 483 1723 carens
513 1689 649 1722 nullam
675 1689 796 1730 aptam
827 1686 938 1720 habet
962 1686 1189 1719 sententiam.
1236 1685 1282 1718 At
1305 1685 1444 1718 nudum
1469 1685 1698 1732 συνπεσούσης
1731 1689 1785 1721 sic

197 1749 325 1791 accipi,
355 1749 397 1780 ut
426 1748 674 1780 Mommsenus
699 1745 828 1787 voluit,
859 1753 931 1777 non
958 1744 1052 1786 licet,
1078 1743 1294 1785 praesertim
1323 1751 1409 1776 cum
1432 1753 1478 1776 ne
1507 1744 1629 1778 dativo
1660 1745 1783 1778 addito

197 1806 346 1847 quidem
371 1802 570 1848 συμπίπτειν
596 1804 664 1836 hac
688 1803 835 1836 notione
859 1801 1030 1843 usurpari
1054 1800 1232 1833 videatur.
1273 1799 1378 1838 Quod
1400 1802 1528 1834 contra
1551 1802 1723 1844 antiquus
1748 1804 1785 1835 et

197 1863 433 1905 pervulgatus
473 1862 528 1894 est
566 1861 676 1893 huius
715 1859 820 1893 verbi
861 1867 953 1891 usus
992 1858 1036 1891 de
1075 1857 1248 1891 aedificiis
1288 1858 1467 1900 collapsis.
1528 1858 1577 1891 Cf.
1618 1859 1780 1901 Thucyd.
1849 1880 1858 1892 2

197 1921 285 1962 VIII,
311 1923 364 1962 44,
389 1922 407 1951 2
442 1917 506 1963 τήν
530 1930 566 1951 τε
595 1916 696 1950 πόλιν
720 1915 912 1963 ἀτείχιστον
938 1913 1040 1948 οὖσαν
1064 1914 1123 1948 ’καὶ
1157 1912 1219 1947 ὑπὸ
1250 1916 1388 1959 σεισμοῦ
1412 1932 1457 1938 -
1482 1914 1779 1958 ξυμπετπωκυῖαν.
1848 1931 1858 1939 ψ

196 1978 246 2010 Ea
278 1985 366 2009 vero
400 1975 651 2017 interpretatio
693 1975 804 2006 etiam
842 1973 998 2006 nominis
1040 1970 1202 2015 ἐπισκευὴ
1243 1980 1314 2004 usu
1348 1971 1431 2012 (not.
1462 1972 1494 2012 9)
1532 1972 1778 2006 confirmatur.

195 2035 376 2067 Damnum
400 2033 511 2073 igitur
535 2032 725 2073 acceperat
748 2029 951 2063 aedificium
969 2029 1071 2071 quod
1094 2030 1176 2061 ante
1200 2027 1276 2060 dies
1293 2036 1415 2060 sacros
1432 2028 1606 2070 prIncipis
1623 2030 1780 2063 sarcien-

197 2091 296 2132 dum,
321 2091 363 2122 ut
388 2089 511 2121 statim
535 2097 600 2130 per
624 2088 799 2119 sollennia
822 2086 1018 2119 commode
1048 2086 1102 2117 uti
1132 2086 1292 2127 possent,
1323 2084 1367 2116 de
1398 2093 1465 2117 sua
1495 2085 1651 2127 pecunia
1674 2094 1779 2119 cura-

196 2149 324 2181 verant
358 2145 569 2179 stationarii.
624 2143 809 2176 Manifesto
844 2141 906 2186 τὴν
942 2140 1040 2174 πόλιν
1078 2141 1123 2174 ad
1153 2141 1358 2183 Tyriorum,
1393 2150 1465 2174 non
1497 2142 1778 2175 Puteolanorum

195 2205 382 2238 civitatem
417 2203 567 2245 spectat.
703 2203 742 2232 42
774 2201 799 2232 Ι.
829 2208 858 2231 e.
896 2199 1057 2240 collegio.
1105 2197 1154 2230 Cf.
1189 2200 1262 2231 not.
1294 2200 1323 2230 4.
1459 2201 1500 2230 43
1530 2199 1582 2231 De
1617 2200 1778 2233 Romana

194 2262 389 2304 Tyriorum
413 2260 568 2293 statione
591 2257 842 2291 testimonium
867 2258 1009 2288 exstare
1034 2255 1104 2288 sibi
1134 2256 1315 2297 persuasit
1338 2255 1482 2298 Cagnat,
1515 2265 1599 2288 cum
1627 2257 1776 2289 titulum

193 2318 375 2351 urbanum
402 2327 422 2350 a
446 2325 484 2349 se
508 2316 647 2348 editum
670 2315 779 2347 Inscr.
800 2314 857 2346 Gr.
875 2313 921 2345 ad
945 2321 1003 2345 res
1024 2312 1124 2344 Rom.
1150 2313 1241 2354 pert.
1258 2313 1274 2344 I
1298 2320 1332 2354 p.
1351 2315 1393 2345 57
1420 2321 1453 2345 n.
1472 2315 1539 2344 ⁴32
1573 2312 1776 2354 (Bullettino

194 2375 385 2408 comunale
412 2377 499 2406 4899
525 2382 559 2415 p.
579 2374 657 2405 242.
705 2372 827 2404 Revue
851 2369 1007 2403 archeol.
1024 2369 1223 2402 Troisieme
1248 2369 1340 2402 serie
1356 2360 1519 2401 xxxvn
1543 2372 1630 2402 4900
1656 2378 1691 2412 p.
1709 2372 1774 2403 362

192 2441 226 2465 n.
246 2431 301 2473 84)
326 2432 379 2463 sic
404 2431 604 2473 suppleret:
638 2426 779 2462 στατίων
803 2426 808 2472 Ι
841 2427 918 2469 [τῶν
943 2423 1106 2471 Τυ]ριὲων
1136 2430 1202 2459 τῶν
1234 2425 1292 2459 καὶ
1315 2422 1636 2460 Κλαυδιοπολειτῶν
1668 2423 1776 2472 Συρίᾳ
1839 2423 1842 2427 ’

191 2486 477 2534 Παλ(αι)[σ]τεὶνῃ,
503 2489 611 2529 atque
634 2486 718 2519 inde
742 2485 887 2526 collegit
903 2484 1041 2525 Tyrum
1066 2483 1259 2525 aliquando
1284 2483 1536 2524 Claudiopolin
1558 2483 1775 2525 appellatam

191 2546 299 2578 esset.
347 2544 415 2576 Sed
445 2553 480 2577 v.
500 2547 518 2575 2
543 2545 646 2576 initio
680 2542 854 2575 articulus
885 2542 1010 2574 contra
1044 2541 1222 2573 sermonis
1246 2540 1342 2582 leges
1374 2539 1529 2581 additur,
1560 2544 1600 2572 ut
1631 2540 1772 2582 longius
1837 2564 1842 2569 .

191 2602 302 2635 fuisse
335 2609 469 2634 nomen
499 2601 657 2633 civitatis
688 2601 873 2642 appareat;
906 2598 1034 2632 deinde
1059 2598 1145 2640 Tyri
1174 2606 1290 2630 unum
1314 2596 1500 2628 ethnicum
1523 2593 1646 2639 Τύριος
1669 2598 1773 2630 novit

192 2659 398 2701 anttquitas,
424 2655 568 2702 Τυριεύς
599 2656 797 2702 barbarum
827 2658 883 2689 est
909 2657 1018 2697 atque
1050 2654 1264 2699 inauditum.
1311 2653 1473 2694 Denique
1503 2652 1622 2694 Tyrus
1647 2654 1771 2695 Syriae
1834 2644 1858 2688 {2-

192 2716 388 2749 Phoenices
412 2715 478 2757 est,
510 2723 582 2747 non
607 2714 836 2746 Palaestinae.
886 2713 1003 2751 Quare
1035 2712 1154 2744 nullus
1178 2710 1306 2743 dubito
1341 2710 1429 2751 quin
1464 2709 1537 2742 illic
1567 2707 1771 2754 [Τιβε]ριέων
1826 2730 1858 2761 2,-

191 2774 314 2816 potius
344 2772 609 2806 restituendum
640 2771 697 2803 sit.
747 2770 842 2803 Haec
873 2772 912 2802 ut
941 2770 1001 2802 hic
1030 2768 1285 2811 exprimuntur
1311 2767 1528 2809 scripseram
1560 2775 1645 2799 cum
1675 2767 1771 2800 edita

191 2831 246 2863 est
271 2830 326 2863 W.
344 2829 593 2863 Kubitschekii
616 2827 876 2861 commentatio
901 2825 1123 2859 Jahreshefte
1147 2825 1210 2857 des
1235 2825 1363 2857 osterr.
1386 2824 1483 2856 arch.
1508 2824 1593 2856 Inst.
1610 2824 1656 2856 Vl
1681 2827 1768 2857 4903

190 2896 225 2929 p.
244 2890 285 2920 80
312 2896 345 2919 n.
366 2890 396 2929 3,
429 2887 467 2919 in
491 2896 563 2929 qua
586 2886 691 2928 plane
715 2884 841 2917 eadem
867 2883 911 2916 de
935 2883 1041 2915 titulo
1067 2882 1232 2924 exposita
1255 2890 1339 2914 cum
1373 2880 1503 2923 gaudio
1527 2881 1620 2922 vidi;
1651 2881 1715 2914 sed
1738 2882 1768 2913 is
1823 2889 1827 2892 ·
