1858 3126
184 109 267 150 230
368 108 457 141 VIII.
494 107 641 149 Imperii
664 106 817 139 Romani
841 107 1049 148 provinciae
1074 106 1277 139 orientales.
1326 107 1357 139 4.
1383 107 1492 149 Lycia
1516 108 1582 139 etc.
1640 106 1767 149 [552—

304 245 464 292 ὃονίας5
503 242 593 291 τοὺς
634 243 913 291 ὑπεναντίους6
945 242 949 298 Ι
982 242 1050 285 καὶ
1089 241 1248 300 ἀποβὰς
1279 244 1335 291 εἰς
1365 244 1435 300 τὴν
1466 244 1604 300 χώραν
1636 244 1765 285 αὐτῶν

184 408 221 440 id
253 407 355 450 quod
384 407 525 449 egregie
558 405 793 439 confirmatur
817 406 939 439 verbis
963 406 1059 438 tituli
1085 409 1161 449 553,
1180 408 1198 438 4
1233 405 1287 439 ἐπὶ
1311 410 1378 439 τῶν
1402 405 1446 440 τὰ
1469 403 1601 439 ἐναντία
1624 404 1770 451 πραξάν-

182 477 250 498 των
278 465 328 510 τῷ
353 463 454 507 ἔθνει,
480 473 552 506 qua
571 464 893 496 circumlocutione
919 473 985 506 pro
1011 464 1167 506 simplici
1190 468 1258 497 τῶν
1283 462 1455 508 πολεμίων
1481 464 1700 506 scriptorem
1726 464 1770 495 ti-

185 523 251 555 tuli
287 531 443 555 usurum
476 521 587 555 fuisse
617 522 679 554 vix
711 521 881 554 credibile
912 525 978 564 est,
1014 531 1098 554 cum
1128 522 1171 554 de
1205 522 1314 555 sociis
1350 521 1469 555 infidis
1505 531 1547 555 ac
1572 520 1768 554 rebellibus

185 581 274 612 haec
311 581 393 622 apte
429 581 465 611 et
495 580 664 612 accurate
689 579 864 611 dicantur.
922 579 1021 617 Quae
1054 588 1138 611 cum
1170 580 1219 611 ita
1250 579 1332 621 sint,
1363 579 1408 612 ad
1438 588 1496 611 res
1527 578 1629 611 initio
1659 578 1768 620 primi

185 647 215 670 a.
234 638 314 670 Chr.
341 637 476 670 saeculi
499 638 619 678 gestas
645 645 729 668 cum
746 636 960 669 Benndorfio
986 637 1132 668 titulum
1150 636 1378 669 referendum
1398 645 1478 669 esse
1495 637 1654 678 apparet.
1688 634 1766 674 Quo

185 698 349 737 tempore
374 695 531 728 latrones
548 694 711 726 Zeniceta
736 694 827 727 duce
853 702 1026 726 cacumen
1051 695 1185 727 montis
1203 695 1348 737 Olympi
1373 703 1487 737 prope
1510 694 1632 736 ipsum
1657 693 1768 726 maris

186 753 272 785 litus
303 752 416 784 arduo
451 759 604 784 ascensu
634 750 731 793 editi,
756 751 851 784 unde
876 760 1001 784 omnes
1037 752 1200 793 regiones
1233 753 1456 795 propinquas
1489 751 1769 794 circumspicere

187 811 313 852 eisque
347 809 510 842 insidiari
541 809 675 851 liceret,
709 811 982 851 occupaverunt
1011 811 1120 851 atque
1150 810 1219 842 illis
1253 810 1487 843 orientalibus
1511 809 1642 852 Lyciae
1666 810 1770 851 oppi-

186 868 252 910 dis,
287 875 380 909 quae
412 867 582 899 itinerum
615 865 824 899 difficultate
857 868 893 899 et
923 876 943 899 a
978 867 1117 909 reliqua
1147 868 1256 910 Lycia
1279 869 1316 900 et
1340 877 1360 900 a
1386 867 1599 909 Pamphylia
1623 875 1768 908 separa-

189 927 324 968 rentur,
349 924 456 966 potiti
481 926 593 956 erant.
642 923 690 956 Cf.
716 924 844 957 Strabo
869 924 960 967 XIV,
979 928 1012 967 5,
1030 928 1047 956 7
1074 934 1109 967 p.
1129 928 1214 958 674:
1247 924 1335 958 κατὰ
1356 923 1394 958 δὲ
1416 923 1476 962 τὰς
1502 922 1686 970 ἀκρωρείας
1709 926 1768 956 τοῦ

185 980 319 1028 Ταύρου
343 981 381 1014 τὸ
406 979 597 1026 Ζηνικὲτου
626 979 842 1027 πειρατήριόν
868 980 956 1014 ἐστιν
991 981 1008 1015 ὁ
1025 974 1218 1026 ’Ὀλυμ-πως,
1252 980 1329 1026 ὄρος
1349 993 1385 1015 τε
1409 981 1468 1015 καὶ
1493 979 1651 1027 φρούριον
1677 978 1769 1024 ὁμώ-

185 1051 303 1083 νυμον,
337 1033 390 1084 ἀφ’
421 1036 460 1071 οὗ
484 1036 727 1071 ’κατοπτεύεται
756 1041 848 1071 πᾶσα
871 1036 982 1072 Λυκία
1005 1037 1063 1071 καὶ
1087 1037 1275 1085 Παμφυλία
1301 1038 1356 1072 καὶ
1379 1037 1516 1073 Πισιδία
1539 1037 1597 1072 καὶ
1620 1035 1768 1074 Μιλυάς.

187 1098 327 1130 Sallust.
342 1097 429 1129 Hist.
444 1095 484 1128 fr.
498 1096 523 1138 I,
539 1098 603 1127 430
618 1096 935 1129 Maurenbrecher:
960 1094 1095 1141 Lyciae
1115 1095 1350 1141 Pisidiaeque
1371 1107 1478 1142 agros
1501 1096 1768 1141 despectantem.

188 1155 312 1188 Cicero
337 1155 374 1186 in
390 1153 491 1186 Verr.
509 1153 566 1195 IV,
588 1155 640 1195 40,
659 1155 695 1185 24
713 1162 720 1186 :
747 1151 914 1187 Phaselis
937 1152 1014 1197 illa,
1041 1164 1152 1198 quam
1175 1153 1267 1199 oepit
1289 1153 1332 1188 P.
1349 1153 1537 1198 Servilius,
1560 1164 1637 1188 non
1650 1152 1779 1197 fuerat

188 1210 276 1245 urbs
301 1212 410 1245 antea
430 1207 587 1243 O'ilieum
610 1211 714 1253 atque
732 1210 983 1254 praedonum:
1009 1209 1119 1255 Isyeii
1140 1211 1256 1255 illam,
1285 1210 1419 1246 Graeci
1439 1210 1615 1254 homines,
1639 1209 1770 1246 incole-

188 1269 283 1303 bant.
334 1266 404 1302 Sed
435 1267 528 1311 quod
558 1269 634 1301 erat
666 1266 847 1302 eiusmodi
876 1267 948 1302 loeo
980 1270 1085 1312 atque
1115 1268 1170 1303 ita
1194 1268 1357 1314 proiecta
1380 1268 1424 1303 in
1447 1268 1573 1312 altum,
1598 1270 1638 1303 ut
1661 1270 1692 1303 et
1715 1278 1770 1302 ωσ-

189 1329 310 1361 ewntes
334 1337 352 1359 e
378 1323 512 1360 Cilicia
530 1324 732 1369 praedones
755 1335 859 1369 saepe
882 1325 932 1360 ad
954 1336 1034 1360 eam
1057 1325 1261 1361 necessario
1284 1326 1489 1361 devenirent
1510 1329 1542 1361 et
1565 1336 1650 1360 eum
1671 1336 1709 1360 se
1731 1336 1772 1360 eoe

188 1382 287 1418 hisee
302 1381 389 1417 loeis
405 1381 612 1426 reciperent,
637 1381 756 1415 eodem
771 1381 1006 1426 deferrentur,
1031 1383 1261 1418 adsciverunt
1275 1382 1350 1418 sibi
1370 1382 1465 1418 illud
1478 1382 1653 1428 oppidum
1663 1381 1772 1427 pira-

188 1443 244 1475 tae
262 1439 388 1485 primo
413 1438 636 1482 commercio,
662 1438 789 1473 deinde
811 1438 922 1474 etiam
938 1439 1111 1475 societate.
1161 1442 1261 1474 Anno
1280 1445 1321 1475 78
1341 1451 1370 1474 a.
1391 1442 1471 1475 Chr.
1489 1451 1522 1475 n.
1546 1442 1582 1475 P.
1599 1441 1772 1475 Servilius

189 1499 294 1531 Vatia
318 1498 499 1531 Isauricus
518 1498 730 1539 Zenicetam,
757 1498 819 1539 qui
844 1506 882 1530 se
907 1498 997 1531 adeo
1022 1507 1142 1540 regem
1167 1499 1411 1541 appellaverat
1428 1497 1610 1545 (Ζηνικέτῃ
1638 1496 1771 1543 βασιλεῖ

190 1557 397 1598 Carapanos
413 1555 562 1588 Dodone
587 1563 621 1596 p.
641 1557 704 1587 407
732 1555 803 1587 tab.
821 1555 935 1587 XXVI
960 1565 992 1588 n.
1013 1559 1043 1598 8,
1063 1559 1094 1598 4)
1120 1557 1217 1599 vicit,
1244 1556 1377 1599 oppida
1402 1557 1599 1598 Olympum
1623 1558 1659 1588 et
1681 1555 1770 1588 Pha-

189 1614 302 1646 selida
325 1614 421 1656 cepit
451 1621 493 1645 ac
524 1612 645 1654 diruit,
679 1613 800 1654 ipsum
827 1612 981 1655 denique
1006 1613 1256 1656 desperantem
1281 1613 1445 1647 incendio
1470 1614 1564 1647 arcis
1588 1622 1675 1646 suae
1700 1612 1770 1646 sibi

190 1673 347 1704 mortem
383 1671 608 1703 consciscere
645 1670 774 1712 coegit.
835 1670 884 1703 Cf.
910 1671 1037 1704 Strabo
1063 1672 1085 1704 l.
1110 1672 1132 1704 l.
1157 1670 1298 1708 ἁλόντος
1331 1670 1369 1704 δὲ
1397 1673 1458 1704 τοῦ
1491 1669 1589 1716 ὅρους
1621 1668 1686 1704 ὑπὸ
1709 1672 1769 1703 τοῦ

187 1725 377 1775 Ἰσαυρικοῦ
401 1727 583 1774 ἐνέπρησεν
610 1725 729 1760 ἑαυτὸν
754 1727 940 1762 πανοίκιον.
987 1727 1108 1762 τούτου
1135 1725 1158 1762 δ’
1186 1728 1229 1773 ἦν
1253 1728 1312 1763 ’καὶ
1336 1728 1353 1764 ὁ
1379 1725 1547 1773 Κώρυκος
1571 1727 1629 1762 καὶ
1652 1727 1676 1773 ἡ
1701 1725 1771 1762 Φα-

190 1786 287 1831 σηλὶς
311 1785 368 1819 καὶ
392 1784 505 1819 πολλὰ
528 1790 596 1818 τῶν
622 1783 821 1830 Παμφύλων
846 1784 971 1830 χωρία·
1002 1786 1111 1820 πάντα
1135 1785 1163 1819 δ’
1187 1785 1275 1820 εἷλεν
1301 1786 1319 1821 ὁ
1338 1783 1537 1832 Ἰσαυρικός.
1585 1787 1709 1820 Cicero
1734 1786 1771 1820 in

191 1845 291 1877 Verr.
317 1845 342 1886 1,
361 1846 414 1886 24,
434 1846 493 1876 56;
519 1841 562 1875 P.
581 1840 768 1886 Servilius,
798 1841 857 1876 vir
886 1842 1127 1887 clarissimus,
1151 1843 1329 1879 mawimis
1352 1843 1457 1878 rebus
1477 1842 1586 1888 yestis
1609 1843 1708 1877 adest
1730 1842 1771 1877 de
1816 1874 1822 1880 .

191 1904 221 1935 te
252 1899 468 1935 sententiam
502 1899 661 1934 laturus:
708 1897 900 1944 Olympum
932 1899 979 1944 oi,
1009 1900 1135 1945 copiis,
1166 1900 1328 1944 oonsilio,
1357 1899 1486 1935 virtute
1514 1899 1615 1944 cepit,
1645 1898 1771 1934 urbem

190 1957 384 2001 antiquam
408 1960 439 1991 et
462 1956 630 1991 omnibus
653 1956 759 1991 rebus
782 1960 930 1992 auctam
953 1960 985 1992 et
1000 1961 1178 1993 ornatam.
1211 1957 1345 1993 Recens
1361 1957 1559 2002 eoeemplum
1573 1956 1774 2001 fortissimi

192 2014 268 2049 viri
297 2014 454 2059 profero.
505 2013 606 2048 Nam
630 2016 755 2058 postea
786 2013 964 2049 Servilius
993 2014 1191 2060 imperator
1217 2014 1349 2060 populi
1376 2014 1541 2050 Romani
1566 2013 1770 2059 Olympum,

193 2072 319 2107 urbem
342 2070 512 2114 hostium,
538 2070 640 2114 cepit,
665 2082 776 2115 quam
801 2074 840 2106 tu
863 2071 907 2106 in
929 2072 1046 2107 isdem
1069 2072 1146 2107 illis
1169 2071 1257 2107 loeis
1278 2091 1325 2096 —
1348 2071 1483 2116 oppida
1497 2091 1543 2097 —
1559 2071 1771 2116 diripienda

191 2141 236 2165 ao
264 2129 427 2164 vexanda
458 2127 607 2162 curasti.
656 2130 707 2162 De
739 2130 816 2171 lege
841 2131 981 2171 agraria
1005 2132 1045 2173 11,
1064 2134 1118 2173 49,
1137 2134 1197 2164 5οε
1231 2129 1327 2164 iubet
1349 2129 1476 2164 ‘uenire
1499 2140 1590 2174 quae
1611 2128 1771 2164 Attalen-

191 2186 302 2231 sium,
336 2197 428 2231 quae
458 2184 696 2229 Phaselitum,
730 2196 821 2229 quae
848 2184 1128 2231 Olympenorum
1150 2186 1301 2231 fuerint,
1330 2198 1528 2232 ayrmmque
1556 2186 1771 2232 Ayerensem

192 2249 223 2280 et
258 2243 505 2279 Oroandicum
538 2245 569 2277 et
603 2241 848 2278 Gedusanum.
896 2243 994 2279 Haec
1017 2244 1059 2279 P.
1079 2243 1230 2279 Servilii
1261 2245 1415 2290 imperio
1445 2248 1477 2280 et
1506 2244 1669 2288 victoria,
1699 2244 1771 2279 ela-

191 2301 341 2338 rissimi
369 2300 453 2345 viri,
486 2302 604 2335 vestra
630 2300 730 2344 faeta
761 2303 858 2336 swnt.
909 2303 1220 2337 Pseudoasconius
1253 2304 1289 2336 in
1305 2304 1405 2337 Verr.
1430 2313 1465 2346 p.
1484 2306 1560 2346 473,
1579 2306 1622 2336 26
1647 2303 1770 2336 Orelli:

193 2359 253 2395 hie
282 2359 382 2394 enim
407 2361 453 2400 (P.
472 2360 656 2399 Servilius)
688 2357 817 2393 bellum
849 2357 893 2393 in
921 2357 1054 2394 Oilieia
1075 2359 1185 2405 yessit
1208 2360 1316 2405 deque
1339 2371 1381 2395 ea
1403 2359 1644 2404 triumphavit
1665 2361 1771 2403 capta

197 2417 339 2462 Coryco,
380 2414 539 2460 Olympo,
578 2414 779 2459 Phaselide,
815 2415 932 2450 tribus
961 2417 1109 2462 maynis
1133 2417 1211 2452 eius
1234 2420 1349 2453 terrae
1372 2417 1532 2452 urbibus.
1580 2417 1770 2450 sallustius

192 2477 275 2510 hist.
299 2476 340 2509 fr.
366 2476 391 2518 1,
421 2478 499 2507 428.
525 2477 601 2507 429.
626 2476 706 2507 434.
734 2477 799 2507 432
835 2476 1038 2509 Maurenbr.
1085 2477 1211 2510 Florus
1235 2479 1260 2520 Ι,
1286 2479 1339 2520 44,
1365 2479 1395 2509 4.
1442 2476 1639 2518 Eutropius
1662 2475 1720 2518 VI,
1739 2478 1770 2509 3.

193 2534 341 2568 Orosius
366 2533 407 2576 V,
437 2535 492 2575 23,
517 2535 572 2566 22.
619 2533 807 2565 Drumann
831 2533 956 2566 Gesch.
976 2535 1087 2567 Roms
1111 2535 1158 2567 IV
1188 2544 1222 2577 p.
1250 2537 1324 2567 396.
1372 2532 1674 2567 Maurenbrecher
1697 2534 1771 2566 Sal-

193 2593 292 2626 lustii
316 2591 551 2624 historiarum
568 2590 767 2632 fragmenta
783 2591 798 2622 I
814 2599 848 2632 p.
865 2593 906 2623 67
922 2600 973 2633 sq.
1021 2593 1128 2634 Apud
1154 2593 1348 2635 scriptores
1371 2599 1550 2632 nusquam
1577 2590 1621 2623 de
1643 2590 1771 2633 Lycio-

195 2659 278 2707 rufn
311 2648 444 2682 auxilio
469 2648 638 2681 Romanis
672 2648 743 2680 lato
776 2649 910 2682 menti0
943 2649 993 2692 fit,
1026 2652 1067 2682 ut
1101 2650 1181 2682 vice
1205 2658 1310 2686 versa
1333 2649 1369 2681 in
1394 2648 1451 2680 his
1475 2647 1589 2680 titulis
1614 2648 1702 2680 nihil
1726 2648 1770 2681 do

194 2707 363 2741 Romanis
394 2706 535 2748 legitur.
588 2705 635 2737 At
664 2714 748 2738 cum
781 2708 930 2748 propter
962 2707 1172 2740 societatem
1203 2706 1328 2748 paucis
1360 2705 1462 2738 annis
1492 2706 1574 2737 ante
1604 2704 1769 2738 libertate

195 2766 313 2808 Lyciis
345 2763 484 2798 reddita
516 2763 795 2805 redintegratam
826 2764 870 2806 (n.
890 2765 966 2806 554)
992 2767 1071 2797 tum
1096 2764 1182 2806 quia
1205 2764 1370 2805 ipsorum
1394 2762 1451 2795 vel
1477 2762 1634 2795 maxime
1657 2763 1770 2795 inter-

195 2825 272 2856 erat
302 2823 423 2856 socios
453 2821 605 2854 rebelles
634 2821 812 2864 subigere,
843 2831 915 2854 non
944 2822 1095 2855 dubium
1125 2822 1180 2854 est
1210 2821 1299 2863 quin
1324 2820 1373 2852 illi
1402 2819 1542 2852 fortiter
1565 2820 1601 2852 et
1624 2821 1770 2852 strenue

196 2881 271 2914 suis
297 2880 451 2914 navibus
481 2888 621 2922 suoque
651 2880 811 2912 exercitu
836 2880 1014 2913 Romanos
1040 2879 1253 2913 adiuverint.
1282 2878 1319 2910 B.
1473 2880 1491 2910 5
1517 2877 1656 2910 Insulae
1680 2877 1769 2909 sitae
