1858 3126
186 129 272 170 654

185 263 311 303 ἐλπίζω
331 262 478 308 passim

183 321 280 360 ἐλπίς
292 331 300 339 ·
318 321 397 355 νέαν
415 319 536 355 ἐλπίδα
549 323 614 366 τῆς
631 319 791 366 πατρίδος
809 321 886 365 542,
904 327 942 355 12

184 378 311 423 ἔλυμος
336 379 391 422 55,
411 385 451 413 16

183 434 367 482 ἐμβάλλω·
401 435 636 482 λαμβάνοντος
667 435 792 473 παντὸς
815 435 942 469 ναύλου

228 492 265 526 τὸ
290 484 320 526 δ’
340 492 401 527 καὶ
417 498 486 527 τῶν
507 490 766 538 ἐνβαλλομένων
792 492 869 536 572,
889 499 942 526 39.

230 548 466 595 ἐμβάλλεσθαι
524 549 572 588 εἰς
626 549 664 583 τὸ
721 549 942 596 πρακτόρειον

230 608 308 652 515,
327 613 369 642 32

183 663 381 710 ἐμβατεύω·
412 663 600 711 θεοπρόποι
629 683 676 689 --
706 663 829 702 οἵτινες
854 675 943 711 μυη-

228 721 347 760 θέντες
371 721 592 768 ἐνεβάτευσαν
619 722 696 765 530,
717 728 757 755 15

182 779 370 826 ἐμβόλιμος
400 778 517 824 ἡμέρα
546 779 626 823 458,
651 785 704 813 76.
753 777 941 824 ἐμβόλιμον

228 836 266 871 δὲ
292 838 406 882 (μῆνα)
432 836 495 871 οὐκ
519 834 593 875 ἄξει
617 836 696 879 266,
717 843 733 869 5

181 892 340 940 ἐμμένω·
366 893 401 927 αἰ
426 892 464 928 δέ
479 892 529 931 τίς
544 906 590 928 κα
614 912 659 918 --
685 893 734 939 μὴ
753 892 886 939 ἐμμένη
907 893 942 927 ἐν

226 954 301 989 ταῖς
326 949 533 985 διαλυσίεσσι
555 950 708 984 ταύταισι
731 950 764 994 2,
783 958 813 985 3.
854 949 943 984 ἀλλὰ

229 1007 408 1054 ἐμμένοιεν
443 1007 477 1041 ἐν
507 1010 550 1041 τᾶ
581 1006 742 1052 ἀποκρίσι
774 1012 822 1041 τῶ
849 1006 943 1052 βασί-

227 1065 312 1112 ληος
341 1063 416 1098 κτλ.
449 1065 481 1108 2,
508 1071 560 1099 19.
588 1071 641 1100 20.
689 1063 859 1109 ἐνέμεινεν
891 1063 944 1098 ἀεὶ

226 1123 288 1168 τὴν
319 1122 416 1156 πόλιν
446 1120 483 1155 εὖ
516 1122 604 1167 δρῶν
634 1121 693 1155 καὶ
725 1120 875 1167 βοιηθῶν
899 1122 942 1170 τῇ

225 1181 325 1226 χώρᾳ
357 1180 435 1223 765,
465 1187 519 1214 33.
573 1179 607 1213 ἐν
642 1181 698 1212 τᾶι
734 1177 942 1226 συναλλάγαι

227 1235 423 1282 ἐμμενέοισι
446 1236 478 1279 2,
499 1243 539 1270 29

181 1293 329 1339 ἔμμηνοι
354 1292 470 1339 ἑορταί
493 1293 571 1336 383,
592 1299 654 1327 134

181 1350 346 1396 ἔμμισθοι
371 1351 594 1396 (στρατιῶται)
620 1350 699 1394 266,
720 1358 761 1384 54

180 1407 488 1454 ἐμπεριλαμβάνω·
514 1407 676 1454 ψήφισμα
705 1426 751 1433 -
781 1407 941 1454 ἐνπεριει-

225 1465 336 1511 ληφὸς
359 1465 420 1503 τὰς
443 1464 567 1510 ἀρετὰς
592 1464 696 1499 αὐτοῦ
718 1466 798 1508 458,
819 1472 857 1499 27

179 1522 392 1569 ἐμπήγνυμι·
424 1522 458 1556 ἐν
491 1522 632 1568 στήλαις
662 1522 807 1561 λιθίναις
837 1523 940 1570 ἐνπη-

225 1579 406 1626 γνυμέναις
453 1579 526 1613 ἐκεῖ
572 1579 655 1624 πρὸς
699 1580 742 1628 τῇ
783 1579 938 1629 θαλάσσῃ

227 1637 304 1681 521,
328 1645 365 1672 ιο

180 1693 421 1740 ἐμπίμπρημι·
451 1694 512 1729 τάν
543 1693 581 1728 δὲ
611 1694 709 1729 πόλιν
733 1694 793 1730 καὶ
815 1695 858 1730 τὰ
881 1695 940 1741 ἶρα

223 1771 271 1777 -
285 1752 452 1798 ἐνέπρησε
471 1752 502 1796 8,
523 1759 575 1786 11.
595 1758 647 1786 12.
669 1758 722 1787 52.
742 1760 795 1788 53.
828 1753 886 1787 καὶ
901 1754 940 1788 τὸ

224 1809 346 1844 πλοῖον
386 1809 497 1843 αὐτῶν
538 1809 754 1856 ἐνπέπρηκαν
795 1811 873 1854 697,
909 1818 940 1845 8.

224 1866 267 1900 τά
290 1878 326 1900 τε
351 1866 497 1901 ἐπαύλια
523 1866 711 1913 ἐνέπρησαν
737 1869 816 1911 765,
836 1875 875 1902 13

179 1923 370 1968 ἐμποδίζω·
395 1923 613 1969 ἐμποδίζεται
634 1924 671 1958 δὲ
688 1923 711 1969 ἡ
728 1928 788 1958 τοῦ
812 1925 938 1972 χρόνου

224 1980 315 2020 τάξις
339 1980 432 2026 παρὰ
462 1981 522 2019 τὰς
555 1981 590 2015 ἐν
614 1985 687 2020 τοῖς
712 1981 939 2029 ἀρχαιρεσίοις

226 2036 426 2083 ἐπικλήσεις
448 2039 527 2081 458,
548 2045 589 2072 82

178 2093 364 2141 ἐμπολάω·
389 2094 438 2133 εἰς
461 2095 519 2129 τὸν
537 2094 660 2129 λεπτὸν
679 2094 832 2141 ἐμπολᾶν
852 2095 939 2143 χαλ·-

223 2152 284 2186 κόν
310 2153 389 2196 484,
413 2159 442 2186 9.
492 2151 583 2198 παρὰ
612 2157 679 2185 τῶν
715 2150 938 2186 ἐνπολώντων

223 2210 303 2253 484,
325 2216 365 2243 35
924 2202 927 2204 ’

178 2265 332 2312 ἐμπολή·
370 2265 453 2304 ὅλας
489 2264 527 2299 δὲ
557 2270 625 2299 τῶν
659 2265 828 2311 ἐργαστῶν
868 2261 938 2300 ἔσθ’

224 2323 281 2358 ὅτε
305 2327 441 2370 κρατεῖν
465 2322 526 2360 τὰς
551 2321 705 2368 ἐμπολάς
728 2323 808 2366 484,
828 2329 867 2356 43

178 2380 364 2426 ἐμπορεία·
404 2379 670 2425 πονηρευόμενοί
709 2391 796 2417 τινες
836 2379 938 2413 ἐνπο-

225 2437 313 2483 ρείας
342 2437 564 2482 ταράσσουσιν
594 2437 672 2480 515,
691 2444 744 2470 58.
793 2435 856 2470 ὅσα
889 2435 937 2474 είς

225 2493 408 2540 ἐμπορείαν
434 2494 571 2540 φέρεται
596 2494 674 2536 629,
696 2500 757 2527 164

178 2551 325 2598 ἔμποροι
359 2552 435 2595 135,
462 2557 493 2587 2.
525 2551 603 2595 344,
631 2559 660 2584 3.
692 2551 769 2593 591,
795 2557 824 2584 3.
857 2550 935 2594 595,

227 2617 279 2644 17.
309 2617 364 2644 31.
415 2609 493 2653 629,
522 2616 553 2643 9.
607 2608 685 2652 632,
712 2615 741 2642 3.
795 2608 874 2651 638,
905 2615 935 2641 3.

223 2667 301 2710 641,
322 2674 339 2700 5

178 2723 350 2770 ἐμφανής·
377 2722 444 2770 ἐγὼ
469 2722 580 2757 παισὶν
597 2722 749 2769 ἐκγόνοις
773 2719 803 2755 τ’
838 2721 937 2767 ἐμοῖς

223 2780 359 2828 ἐμφανῆ
378 2779 556 2815 ἐκτέθεικα
573 2781 651 2824 383,
665 2787 742 2814 215.
783 2779 876 2816 ὅπως
894 2778 937 2812 τὰ

223 2838 360 2884 ἐμφανῆ
390 2837 506 2876 αὐτοῖς
537 2836 751 2884 ἀποδοθῆναι
775 2835 935 2884 φροντίσῃ

224 2895 302 2938 441,
322 2901 362 2930 60

903 127 1054 160 Indices.

1017 263 1191 310 ἐμφανίζω
1210 262 1367 309 passim.
1406 263 1498 305 ἀξιοῖ
1526 263 1632 300 αὑτῶι
1661 264 1773 313 ἐμφα-

1058 320 1160 360 νίζειν
1186 319 1233 355 ὧν
1258 320 1298 356 ἂν
1323 321 1442 369 δέηται
1464 321 1488 368 ὴ
1513 321 1611 362 πόλις
1639 324 1672 367 6,
1691 331 1722 359 3.
1739 332 1772 359 4.

1061 377 1254 424 ἐμφανίζων
1288 377 1388 413 αὐτὸν
1418 377 1510 419 ἄξιον
1539 379 1629 426 ἦμεν
1659 381 1715 424 42,
1740 388 1772 415 9.

1061 435 1261 481 ἐμφανιοῦσι
1284 436 1347 482 τὴν
1372 433 1502 470 εὔνοιαν
1525 435 1569 482 ἣν
1594 435 1683 485 ἔχων
1701 437 1773 473 δια·
1825 422 1849 458 ⁷⁷

1059 492 1154 526 τελεῖ
1170 491 1188 526 ὁ
1206 492 1315 540 δῆμος
1330 493 1415 539 πρὸς
1427 493 1485 528 τὸν
1505 492 1646 538 βασιλέα
1661 496 1772 539 11,11.

1061 547 1301 595 ἐμφανίζοντες
1325 549 1402 597 περί
1423 563 1460 585 τε
1489 554 1553 596 τῆς
1577 550 1707 590 εὐνοίας
1729 551 1773 598 ἧς

1060 605 1132 653 ἔχει
1156 606 1174 640 ὁ
1200 606 1311 654 δῆμος
1338 608 1392 651 12,
1411 615 1442 642 9.
1462 615 1502 642 10

1014 663 1208 710 ἐμφοιτάω·
1241 663 1411 710 κόλλυβός
1443 676 1496 703 τις
1530 665 1772 712 ἐνπεφοίτηκεν
1845 680 1855 721 γ’

1060 720 1108 759 εἰς
1131 721 1195 766 τὴν
1220 720 1345 767 ἀγοράν
1370 723 1450 766 515,
1469 729 1510 757 50
1835 758 1838 759 ⁷

1014 776 1222 824 ἐμφωλεύω·
1254 779 1289 812 ἐν
1314 778 1458 817 πολλοῖς
1485 784 1548 826 τῆς
1570 781 1687 828 χώρας
1712 781 1773 827 μέ·
1841 818 1843 822 ,

1061 847 1148 881 ρεσιν
1173 835 1447 882 ἐνφωλεύσαντες
1469 837 1549 881 424,
1569 845 1587 871 5

1015 891 1209 939 ἐναγισμός·
1232 896 1293 927 τοῦ
1317 891 1532 940 καθήκοντος
1555 893 1705 941 γίνεσθαι
1723 894 1774 941 τῷ

1058 947 1272 996 Ἀριστωνίδᾳ
1295 950 1479 997 ἐναγισμοῦ
1505 952 1584 996 764,
1603 958 1643 986 16

1014 1005 1173 1052 ἐναργής·
1220 1006 1283 1053 τὴν
1325 1006 1570 1055 ἐναργεστάτην
1613 1008 1771 1055 πρόνοιαν
1837 999 1839 1002 ⁴

1060 1063 1292 1110 ποιησάμενος
1317 1065 1396 1108 666,
1416 1073 1434 1099 5
1826 1072 1832 1078 ’

1014 1119 1170 1168 ἐνάρετος
1193 1122 1272 1165 485,
1292 1128 1323 1156 2.
1361 1125 1472 1157 πᾶσαν
1502 1121 1659 1167 ἐνάρετον
1689 1135 1774 1170 προ-

1060 1177 1184 1225 αίρεσιν
1209 1177 1498 1224 ἀποδεικνύμενος
1523 1180 1601 1223 505,
1620 1188 1638 1215 8

1014 1235 1158 1282 ἔναρχος
1176 1236 1253 1279 218,
1269 1242 1322 1270 21.
1363 1234 1506 1283 ἔναρχος
1521 1236 1772 1284 γυμνασίαρχος
1824 1246 1826 1249 ’

1060 1293 1137 1336 708,
1153 1300 1183 1326 9.
1209 1293 1287 1337 713,
1303 1299 1334 1327 2.
1369 1292 1512 1341 ἔναρχος
1529 1284 1776 1341 ὑπομνηματοῖ
1823 1286 1832 1303 ³

1058 1350 1188 1397 γράφος
1213 1351 1291 1394 715,
1312 1358 1330 1384 5
1766 1357 1770 1361 ’
1821 1361 1824 1363 ’

1014 1406 1221 1453 ἐνδείκνυμι·
1251 1408 1314 1454 τὴν
1345 1406 1394 1445 εἰς
1425 1407 1488 1453 τὴν
1512 1407 1612 1442 πόλιν
1636 1382 1791 1443 εὔνοιαν
1821 1418 1826 1438 ³
1852 1412 1855 1413 ’

1059 1464 1242 1505 ἐνεδείξατο
1275 1465 1354 1508 764,
1378 1470 1432 1498 42.
1479 1463 1704 1510 ἐνδειξάμενοι
1727 1464 1770 1510 ἣν
1821 1449 1823 1451 V

1058 1523 1141 1570 πρὸς
1170 1522 1270 1557 αὐτὸν
1304 1520 1437 1556 εὔνοιαν
1467 1521 1594 1569 ἔχομεν
1619 1523 1696 1566 504,
1718 1529 1772 1557 10.
1820 1551 1822 1555 .

1057 1579 1178 1624 ἀρετᾶς
1203 1577 1304 1613 ἕνεκα
1331 1579 1391 1612 καὶ
1421 1578 1554 1617 εὐνοίας
1583 1575 1624 1618 ἇς
1647 1578 1772 1625 ἐνδειγ·

1057 1636 1201 1682 νύμενος
1225 1635 1371 1670 διατελεῖ
1392 1637 1449 1680 44,
1469 1643 1499 1670 0.
1538 1635 1618 1674 τοὺς
1642 1634 1773 1684 ἐνδειχ-

1058 1693 1180 1732 θέντας
1205 1693 1417 1740 συκοφάντας
1441 1694 1488 1731 ὡς
1513 1692 1582 1727 ἔδει
1602 1692 1771 1739 ἐτιμωρη-
1822 1735 1829 1738 ἡ

1059 1751 1172 1796 σάμην
1198 1752 1275 1794 669,
1294 1758 1335 1784 44
1827 1747 1828 1750 ’

1012 1809 1132 1843 ἐνδέω·
1174 1807 1263 1842 ὅπλα
1301 1807 1453 1854 ἐπίσημα
1491 1806 1693 1853 ἐνδεδεμένα
1733 1805 1768 1840 ἐν
1819 1821 1823 1824 ·

1058 1864 1270 1910 ὁπλοθήκαις
1295 1865 1373 1908 339,
1392 1872 1433 1898 ’19
1816 1868 1821 1873 “

1012 1922 1185 1967 ἐνδημέω·
1223 1921 1274 1956 ἔτι
1311 1921 1550 1966 ἐνδημούντων
1582 1920 1676 1966 παρὰ
1705 1926 1770 1954 τῶι
1812 1915 1816 1929 ²

1058 1979 1191 2025 βασιλεῖ
1213 1984 1282 2013 τῶν
1310 1978 1350 2012 ἐκ
1372 1982 1434 2024 τῆς
1453 1979 1569 2024 χώρας
1587 1989 1768 2023 παραγινο-
1810 2022 1812 2027 ι

1058 2037 1168 2082 μένων
1203 2054 1251 2060 -
1287 2034 1404 2079 ἱερέων
1437 2036 1492 2079 56,
1516 2042 1570 2069 48.
1622 2034 1769 2080 προγρά-
1810 2039 1812 2042 ’

1056 2094 1178 2140 ψαντες
1208 2093 1250 2139 τῇ
1275 2092 1438 2139 πρότερον
1463 2091 1578 2138 ἡμέρᾳ
1607 2090 1768 2137 ἐνδημεῖν

1055 2150 1134 2188 τοὺς
1158 2149 1192 2183 ἐν
1217 2150 1260 2196 τῇ
1285 2149 1384 2182 πόλει
1407 2150 1455 2186 ὠς
1477 2152 1538 2182 τοῦ
1554 2148 1665 2202 ,ὅρκου
1691 2160 1767 2182 συν·
1811 2168 1819 2188 ;,

1053 2206 1346 2252 τελεσθησομένου
1386 2206 1465 2250 229,
1500 2213 1552 2241 80.
1617 2204 1768 2250 ἐνδημή-
1803 2239 1805 2241 ,

1056 2276 1172 2301 σαντος
1203 2267 1264 2297 τοῦ
1291 2262 1413 2308 ταμίου
1445 2260 1592 2298 Λευκίου
1620 2258 1765 2297 Ἰουλίου
1801 2267 1804 2268 ’

1055 2318 1229 2365 Καίσαρος
1254 2322 1333 2364 444,
1353 2328 1370 2354 3

1009 2378 1153 2423 ἐνδημία
1175 2378 1255 2421 443,
1275 2385 1304 2412 7.
1325 2385 1355 2411 9.
1381 2378 1459 2420 764,
1478 2383 1520 2411 35

1009 2435 1159 2476 ἔνδοξος·
1194 2435 1238 2469 τά
1273 2431 1306 2468 τ’
1344 2434 1392 2472 εἰς
1423 2433 1483 2471 τὰς
1514 2431 1623 2478 ταφὰς
1653 2432 1765 2468 αὐτῶν
1797 2437 1804 2455 ²²
1846 2463 1850 2467 .

1054 2494 1131 2535 (τῶν
1159 2492 1255 2537 ἱερῶν
1273 2483 1381 2538 ζῴων)
1407 2489 1520 2528 διδοὺς
1537 2489 1690 2535 δαψιλῶς
1706 2489 1766 2525 καὶ
1794 2492 1799 2502 ”

1054 2550 1199 2590 ἐνδόξως
1224 2550 1279 2592 90,
1300 2555 1340 2583 32
1794 2542 1798 2543 ⁷

1009 2607 1134 2651 ἔνειμι·
1177 2606 1194 2640 ὀ
1230 2604 1438 2653 χοροστάτας
1474 2604 1511 2638 ὀΐί
1542 2603 1560 2638 ὀ
1591 2602 1694 2637 ἐνέων
1730 2603 1764 2647 4,

1056 2671 1108 2697 36.
1129 2671 1181 2697 37.
1222 2662 1244 2696 ἃ
1269 2662 1306 2696 δὲ
1330 2661 1369 2696 ἂν
1388 2658 1612 2707 προστιθῶσιν
1637 2659 1672 2694 ἐν
1687 2663 1763 2699 ταῖς
1794 2657 1797 2699 J

1054 2720 1250 2764 συνθήκαις,
1276 2718 1401 2753 ἐνέστω
1427 2717 1461 2751 ἐν
1486 2721 1563 2755 ταῖς
1580 2716 1764 2761 συνθήκαις
1796 2730 1799 2749 ;

1053 2779 1131 2821 762,
1152 2785 1192 2812 10

1008 2833 1204 2879 ἐνεορτάδια
1227 2834 1306 2877 484,
1327 2840 1367 2867 30

1007 2891 1210 2937 ἐνεορτάζειν
1238 2891 1315 2934 383,
1335 2898 1374 2925 98
1409 2920 1417 2923 .
