1858 3126
126 259 206 304 669,
226 266 278 295 19.
324 257 384 294 ἐὰν
409 257 448 293 δέ
470 270 522 296 τις
545 276 589 285 -
615 257 750 304 δανείσῃ
778 270 836 292 νο-

6 352 11 365 ,
127 316 242 363 μίμως
263 315 380 362 λαβὼν
405 314 587 362 ὑποθήκην
611 314 691 358 669,
710 320 750 348 24

5 366 11 404 ’ἰ
79 373 227 419 νόμισμα
250 373 328 417 339,
347 379 402 407 49.
427 372 504 415 515,
526 379 578 407 18.
619 370 834 418 δεχέσθωσαν

125 431 164 466 δὲ
192 430 252 466 καὶ
275 429 319 476 ἐμ
343 427 528 476 Μαγνησίᾳ
555 428 594 463 τὸ
623 428 772 474 νόμισμα
793 427 834 463 τὸ

122 491 186 534 τῆς
221 487 356 526 πόλεως
391 486 534 531 ἔννομον
567 485 646 529 229,
672 493 727 520 55.
772 488 832 520 τοῦ

122 545 235 591 δήμου
263 542 498 591 προελομένου
532 542 715 588 νομίσματι
746 541 833 589 χαλ-

122 602 206 649 κίνῳ
236 599 387 650 χρῆσθαι
418 601 496 644 339,
521 607 575 635 44.
627 598 662 634 ἐν
692 599 739 647 τῇ
770 601 831 633 τοῦ

14 700 16 703 ,
123 658 269 707 ἀργυροῦ
292 657 499 705 νομίσματος
523 656 615 691 δόσει
638 657 716 700 484,
732 663 774 690 44

75 716 314 762 νομιτεύομαι·
347 714 450 763 χάριν
483 716 544 748 τοῦ
577 711 832 759 νομειτεόεσθαι

14 768 17 774 ”
119 773 176 809 τὸν
198 776 262 819 τῆς
289 771 423 810 πόλεως
450 775 652 819 χαρακτῆρα
679 770 757 814 339,
775 776 831 803 44.

123 833 256 878 μετρεῖν
281 829 320 864 δὲ
344 828 478 876 μέτροις
503 827 555 867 οἷς
578 827 602 873 ἠ
619 826 718 865 πόλις
732 839 831 872 νομι-

7 930 10 934 ,
120 886 251 922 τεόεται
274 887 352 931 579,
371 894 390 921 8

5 946 24 994 '5
73 942 260 990 νομοθεσία
284 943 363 987 326,
382 949 422 977 26

8 994 19 1050 γ’·
72 1000 287 1048 νομοθετέω·
315 1001 359 1035 τὰ
385 999 504 1037 καλῶς
534 999 592 1032 καὶ
617 997 754 1036 δικαίως
777 1009 830 1031 νε·

118 1056 379 1104 νομοθετημένα
413 1056 492 1100 329,
523 1063 575 1090 13.
628 1055 687 1088 καὶ
724 1057 829 1088 ταῦτα

120 1116 181 1160 μὲν
205 1114 305 1160 ὑμεῖν
329 1112 444 1160 ὀρθῶς
465 1113 525 1147 καὶ
555 1111 683 1155 καλῶς,
716 1112 828 1156 ὥσπερ

118 1171 149 1206 εί
172 1171 274 1210 αὐτὸς
297 1169 566 1216 εἰσηγησάμενος
580 1168 714 1216 ἔτυχον,
735 1180 828 1203 νενο·

120 1225 327 1275 μοθετήσθω
349 1228 429 1270 493,
448 1233 488 1261 66

69 1285 175 1331 νόμος
192 1283 350 1330 passim.
389 1283 557 1331 ἐνεχέστω
574 1288 623 1317 τῶ
638 1282 735 1327 νόμω
753 1281 829 1328 περὶ

12 1338 22 1362 ³
116 1347 166 1377 τῶ
199 1340 409 1379 καλλύοντος
442 1341 500 1375 τὸν
541 1339 649 1385 δᾶμον
687 1341 720 1384 4,
752 1347 826 1375 106.

117 1398 238 1445 ἔνοχος
261 1397 349 1433 ἔστω
371 1402 422 1432 τῶ
444 1397 541 1443 νόμω
566 1397 613 1435 ὡς
641 1397 703 1431 τὰν
729 1396 827 1431 στάλ-

116 1455 180 1490 λαν
203 1453 366 1490 ἀνελόντα
388 1453 449 1488 τὰν
473 1454 550 1500 περὶ
571 1458 639 1488 τῶν
654 1453 826 1499 τυράννων

118 1513 150 1556 8,
169 1518 223 1547 24.
241 1518 296 1546 25.
340 1511 398 1546 τὸν
428 1510 534 1557 νόμον
564 1511 622 1545 τὸν
647 1510 736 1545 κατὰ
758 1516 826 1545 τῶν

114 1568 287 1614 τυράννων
311 1568 344 1612 8,
363 1575 438 1602 143.
459 1575 533 1602 144.
572 1568 630 1602 τὸν
646 1567 751 1613 νόμον
770 1568 826 1603 τὸν

116 1627 192 1674 περὶ
207 1631 275 1661 τῶν
291 1625 462 1672 τυράννων
487 1625 520 1668 8,
535 1631 611 1658 148.
653 1623 827 1669 βασιλικὸς

114 1683 221 1728 νόμος
257 1682 303 1725 (ἐν
339 1680 519 1728 Περγάμῳ)
549 1682 685 1725 483,1.
735 1679 827 1716 ἆθλα

116 1739 179 1774 ὅσα
211 1739 229 1774 ὁ
259 1738 384 1777 Διακὸς
418 1738 523 1784 νόμος
553 1737 601 1781 (ἐν
633 1735 824 1786 Μυτιλήνῃ)

115 1797 266 1845 περιέχει
287 1797 367 1840 456,
386 1803 416 1830 8.
457 1796 504 1833 ὡς
527 1795 587 1829 καὶ
611 1794 645 1829 ἐν
668 1795 718 1841 τῷ
734 1792 825 1839 Κορ-

113 1853 221 1900 νηλίῳ
236 1854 334 1899 νόμῳ
350 1852 532 1899 γέγραπται
546 1851 626 1896 458,
644 1859 699 1886 83.
738 1851 826 1886 κατὰ

111 1911 168 1946 τὸν
189 1910 307 1956 νόμον,
331 1909 419 1944 κατὰ
434 1908 514 1946 τοὺς
536 1908 665 1954 νόμους
680 1908 826 1954 passim

3 1959 34 2019 {I
65 1967 173 2013 νομός
196 1968 275 2012 659,
293 1974 325 2002 a.
356 1967 434 2009 661,
454 1973 484 2000 a.
515 1966 594 2010 664,
612 1973 656 2000 ⁶.
672 1967 750 2009 665,
771 1973 823 2000 ιι.

4 2022 14 2041 ³
117 2031 242 2060 29.62.
262 2031 315 2059 64.
345 2023 424 2067 666,
450 2029 506 2058 24.
549 2023 598 2069 τῷ
626 2026 687 2057 τοῦ
715 2025 824 2066 νομοῦ

2 2107 25 2126 „¹
114 2081 291 2128 στρατηγῷ
313 2081 391 2124 736,
412 2088 464 2115 15.
502 2083 575 2117 τοῖς
604 2078 693 2113 κατὰ.
719 2079 823 2124 νομὸν

4 2139 27 2166 ²?
114 2141 314 2185 στρατηγοῖς
320 2138 419 2181 669,4
425 2144 454 2171 9.
467 2139 528 2170 τοῦ
539 2133 824 2172 Ἀνταιοπολείτου

2 2190 16 2215 ‘·
111 2197 220 2240 νομοῦ
243 2195 323 2238 697,
337 2202 368 2228 7.
404 2194 438 2228 οἰ
452 2193 509 2228 τὸν
527 2191 703 2239 Θηβαϊκὸν
718 2192 823 2237 νομὸν

81 2266 86 2268 ’
113 2250 284 2289 οἰκοῦντες
318 2251 397 2294 709,
431 2257 461 2284 8.
518 2249 619 2294 νομοί
657 2250 735 2292 665,
769 2256 822 2283 67.

113 2308 191 2351 669,
210 2315 264 2343 49.
304 2307 340 2342 ἐν
363 2307 413 2353 τῷ
436 2304 640 2351 Προσωπίτῃ
667 2306 727 2340 καὶ
749 2309 823 2343 τοῖς

112 2364 232 2402 ἄλλοις
275 2367 347 2402 τοῖς
396 2362 654 2408 μεμερισμένοις
702 2366 823 2407 νομοῖς

116 2423 192 2465 106,
222 2428 252 2455 7.
301 2420 380 2458 τοὺς
416 2418 629 2457 διοδεύοντας
661 2417 716 2452 διὰ
752 2423 821 2452 τῶν

111 2483 227 2524 νομῶν
251 2478 454 2524 στρατιώτας
478 2477 556 2519 665,
576 2481 630 2508 22.
675 2473 738 2508 οὐκ
766 2474 823 2509 ἐπὶ

82 2548 85 2551 ·
111 2536 176 2580 τὴν
191 2533 349 2582 Θηβαΐδα
373 2533 480 2579 μόνην
504 2551 550 2557 -
574 2529 649 2566 οὐδ’
671 2530 728 2566 ἐπὶ
741 2530 822 2569 τοὺς

112 2592 229 2639 πόρρω
273 2590 400 2636 νομοὺς
445 2593 507 2635 τῆς
559 2588 653 2622 κάτω
704 2588 822 2635 χώρας

114 2649 193 2693 669,
211 2644 253 2684 43

26 2703 319 2760 νομοφυλάκων
345 2704 422 2747 300,
442 2710 458 2737 3

6 2758 41 2820 ᾗ
66 2761 264 2808 νομοφύλαξ
280 2762 359 2805 240,
373 2768 404 2795 3.
429 2760 507 2802 290,
522 2766 552 2792 4.
583 2756 820 2803 νομοφύλακες

12 2814 38 2887 {ff
113 2819 190 2862 300,
209 2825 239 2852 2.
264 2818 342 2861 483,
362 2824 415 2852 21.
434 2823 498 2850 218

12 2886 40 2925 g
15 2862 180 2913 Ἧινόιῐος·
216 2874 294 2913 τοὺς
328 2873 435 2908 πάλαι
471 2871 708 2923 στασιάζοντας
738 2868 821 2916 Χρι-

0 2319 30 2472 W}
0 2269 23 2320 Τ

6 2464 37 2621 ’9691ἆὸἢῶ

10 2613 38 2779 mai

13 2966 18 2983 ἶ
22 2951 43 2981 {gl

13 2987 41 3026 ’ῖξ

25 3030 34 3040 .

546 121 635 154 vlu.
673 121 740 154 Res
764 122 802 154 et
825 120 937 155 verba
960 121 1190 156 notabiliora.

1576 122 1660 164 685

952 258 1104 297 στιανοὺς
1126 257 1186 293 καὶ
1208 257 1256 296 εἰς
1279 257 1378 302 δεῦρο
1394 258 1458 303 τὴν
1483 257 1589 304 αὐτὴν
1605 258 1663 293 νό-

951 326 1009 349 σον
1034 314 1325 361 διαφυλάσσοντας
1350 315 1428 358 569,
1448 322 1486 350 17

903 371 1058 416 νοτάριος
1082 372 1161 415 690,
1180 379 1197 406 3

902 427 999 466 νότος
1026 429 1101 472 176,
1122 436 1151 463 8.
1179 430 1256 473 178,
1275 437 1292 464 9

902 484 1070 531 νουμηνία
1094 486 1149 528 56,
1176 493 1230 520 ³7.
1258 493 1310 521 39.
1342 487 1398 530 90,
1418 494 1470 522 50.
1504 488 1580 530 177,
1608 494 1660 521 17.

950 543 1092 586 339,62.
1116 543 1326 586 458‚74.⁷5.
1344 543 1422 587 675,
1438 551 1468 577 3.
1507 543 1568 578 νέα
1582 556 1660 578 νου-

950 598 1055 646 μηνία
1077 599 1157 643 458,
1174 606 1228 635 21.
1248 607 1302 635 50.
1321 607 1361 635 79

901 661 1020 690 νῶναι·
1047 655 1194 702 προτέρᾳ
1215 662 1333 691 νωνῶν
1358 654 1518 705 Μαρτίων
1544 658 1622 700 532,
1638 664 1654 691 4

900 712 1081 759 νωτοφόρα
1103 713 1211 760 κτήνη
1237 713 1316 757 200,
1336 721 1374 748 14

901 826 1046 866 ξενικός·
1069 826 1111 861 τὰ
1126 826 1215 862 ἄλλα
1230 827 1344 868 ξενικά
1362 825 1503 874 (φορτία)
1524 827 1599 871 132,
1617 835 1654 862 11

949 885 1002 926 (cf.
1018 885 1047 917 11
1072 884 1233 918 Addend.
1250 893 1285 927 p.
1304 884 1381 925 544)

901 940 1025 983 ξένιον·
1058 939 1149 981 ξένια
1173 941 1251 984 223,
1271 948 1300 975 5.
1322 947 1372 975 14.
1402 941 1480 984 665,
1500 947 1553 975 20.
1602 940 1657 975 ἐπὶ

947 997 1037 1039 ξένια
1059 997 1178 1032 καλεῖν
1202 998 1281 1041 335,
1296 1005 1348 1033 86.
1389 998 1522 1043 πέμψαι
1545 996 1583 1031 δὲ
1600 997 1659 1031 καὶ

946 1054 1041 1100 αὐτῷ
1066 1054 1158 1094 ξένια
1181 1055 1213 1097 6,
1233 1061 1286 1089 36.
1312 1055 1390 1097 773,
1406 1062 1458 1089 10.
1498 1053 1657 1088 ἀποστεῖ-

945 1111 1002 1145 λαι
1025 1111 1063 1145 δὲ
1086 1112 1144 1146 καὶ
1169 1110 1260 1151 ξένια
1288 1110 1380 1157 αὐτῷ
1404 1111 1457 1154 10,
1478 1118 1530 1145 19.
1571 1109 1656 1144 ἀπο·

946 1167 1077 1203 στεῖλαι
1109 1167 1147 1202 δὲ
1174 1187 1221 1193 --
1250 1167 1341 1207 ξένια
1370 1167 1414 1201 τὰ
1445 1168 1584 1214 μέγιστα
1616 1166 1655 1201 ἐκ

946 1231 1014 1260 τῶν
1044 1225 1160 1270 νόμων
1185 1226 1263 1269 305,
1284 1232 1336 1259 18.
1382 1224 1475 1262 ὅπως
1498 1242 1543 1249 -
1569 1221 1656 1258 Σύλ-

940 1282 1008 1323 λοις
1035 1301 1082 1307 -
1110 1283 1167 1317 τὸν
1199 1281 1395 1327 ἀντιταμίαν
1425 1281 1515 1322 ξένια
1538 1280 1656 1319 αὐτοῖς

943 1339 1032 1374 κατὰ
1069 1338 1108 1374 τὸ
1148 1339 1317 1385 διάταγμα
1358 1338 1473 1372 δοῦναι
1509 1336 1654 1384 κελεύσῃ

945 1397 1083 1440 441,εε

898 1452 1068 1498 ξενισμός·
1092 1451 1331 1487 καλεσάτωσαν
1349 1451 1387 1486 δὲ
1410 1471 1456 1477 -
1477 1450 1556 1490 τοὺς
1573 1462 1654 1496 πρε-

944 1510 1088 1555 σβευτὰς
1111 1529 1156 1535 -
1182 1508 1238 1543 ἐπὶ
1261 1509 1414 1554 ξενισμὸν
1438 1508 1486 1547 είς
1508 1508 1547 1542 τὸ
1571 1519 1654 1554 πρυ-

942 1571 1073 1602 τανεῖον
1097 1567 1177 1610 229,
1197 1573 1237 1601 31

897 1622 1141 1671 ξενολογῆσθαι
1165 1623 1243 1667 270,
1264 1629 1303 1657 12

897 1680 1084 1727 ξενολόγιον
1109 1680 1188 1723 437,
1207 1687 1260 1714 67.
1281 1687 1318 1712 71

896 1737 990 1778 ξένος
1022 1737 1099 1780 218,
1125 1742 1179 1772 28.
1225 1734 1318 1776 ξένον
1350 1733 1487 1780 Δέκμου
1514 1731 1652 1769 Ῥουπι-

940 1794 1016 1829 λίου
1047 1792 1221 1839 Σεουήρου
1250 1791 1308 1826 καὶ
1340 1791 1439 1837 φίλον
1468 1791 1526 1825 καὶ
1558 1790 1650 1830 ξένον

939 1849 1118 1897 ἡγεμόνων
1134 1849 1193 1883 καὶ
1209 1847 1400 1894 ἐπιτρόπων
1426 1849 1503 1891 563,
1522 1855 1552 1882 7.
1591 1847 1651 1882 τὸν

940 1906 1045 1941 αὑτοῦ
1074 1905 1168 1946 ξένον
1196 1905 1276 1949 416,
1298 1914 1328 1939 5.
1375 1903 1462 1944 ξένοι
1493 1905 1571 1948 339,
1596 1911 1650 1940 66.

942 1971 996 1998 73.
1014 1971 1069 1998 85.
1106 1964 1170 2009 τὴν
1196 1962 1236 1997 ἐκ
1258 1967 1327 1996 τῶν
1351 1961 1455 2002 ξένων
1479 1959 1650 2008 εὐφημίαν

939 2021 1018 2064 339,
1037 2028 1091 2055 3ο.
1136 2018 1214 2054 οὔτε
1245 2018 1308 2066 γὰρ
1333 2018 1553 2064 συνεισφοράν
1575 2029 1651 2057 τινα

939 2076 1093 2123 ὀφείλετε
1115 2079 1189 2114 τοῖς
1212 2075 1317 2115 ξένοις
1342 2075 1420 2119 609,
1439 2081 1492 2110 20.
1533 2074 1573 2109 οὐ
1593 2074 1650 2108 δύ-

937 2133 1041 2169 νασθε
1080 2131 1334 2179 άνανκασθῆναι
1372 2130 1532 2171 δέξασθαι
1574 2135 1650 2170 ταῖς

939 2189 1062 2228 οἰκίαις
1078 2189 1157 2228 τοὺς
1173 2189 1286 2229 ξένους
1303 2190 1444 2233 609,29.
1468 2188 1548 2226 τοὺς
1563 2199 1649 2234 παρ-

939 2246 1187 2293 επιδημοῦντας
1222 2245 1336 2285 ξένους
1371 2246 1451 2289 268,
1486 2253 1516 2279 9.
1578 2250 1647 2278 τῶν

938 2304 1040 2345 ξένων
1068 2307 1141 2341 τοῖς
1170 2303 1460 2349 παρεπιδημοῦσιν
1488 2302 1567 2344 329,
1593 2307 1648 2336 28.

936 2366 1004 2395 τῶν
1028 2358 1352 2408 παρεπιδημούντων
1377 2358 1478 2398 ξένων
1496 2358 1575 2402 339,
1593 2364 1647 2393 29.

936 2418 996 2452 καὶ
1019 2416 1171 2455 πολίταις
1193 2416 1253 2451 καὶ
1275 2415 1381 2456 ξένοις
1405 2417 1482 2459 764,
1505 2423 1542 2449 18

891 2474 1009 2515 ξενών·
1035 2473 1158 2513 ξενῶνα
1176 2473 1310 2520 ἔχοντες
1331 2472 1369 2507 οὐ
1387 2472 1531 2507 δύνασθε
1548 2471 1647 2507 ἀναν-

935 2530 1106 2576 κασθῆναι
1137 2529 1295 2570 δέξασθαι
1317 2532 1393 2568 ταῖς
1416 2528 1541 2567 οἰκίαις
1567 2528 1646 2566 τοὺς

937 2587 1051 2627 ξένους
1075 2588 1154 2630 609,
1173 2593 1212 2620 21

891 2643 1003 2685 ξέσται
1027 2645 1104 2687 521,
1124 2650 1163 2677 24

890 2700 1114 2747 ξηρόφορτον·
1139 2700 1251 2733 κώνου
1275 2698 1333 2732 καὶ
1356 2702 1423 2732 τῶν
1448 2696 1577 2742 ὁμοίων
1598 2715 1646 2722 -

935 2756 974 2790 τὸ
1005 2755 1103 2793 τέλος
1135 2754 1184 2792 εἰς
1212 2755 1250 2789 τὸ
1285 2753 1492 2801 ξηρόφορτον
1526 2752 1646 2800 ἀνάγε·

937 2811 1017 2847 σθαι
1040 2812 1118 2855 629,
1141 2819 1202 2846 164
1646 2806 1649 2808 ’

891 2869 1006 2910 ξόανον
1031 2869 1086 2912 90,
1106 2876 1144 2902 41
