1858 3126
607 146 779 181 Addenda
802 148 838 179 et
863 146 1090 188 Corrigenda.
1554 145 1638 187 539

59 289 98 322 P.
115 291 157 322 46
182 297 215 321 n.
234 291 288 321 46.
336 285 448 319 Iulius
464 285 598 318 Beloch
622 284 755 317 Archiv
770 283 793 316 f.
811 282 1172 325 Papyrusrorschung
1190 283 1219 315 11
1244 291 1279 324 p.
1298 283 1357 314 24⁴
1389 281 1492 314 aliter
1508 281 1553 313 de
1568 281 1641 313 hoc

149 345 256 379 titulo
280 344 465 378 iudicavit.
513 342 688 375 Convenit
711 341 745 373 ei
769 349 855 373 sane
879 348 1023 372 mecum
1049 339 1093 372 de
1126 339 1186 372 illo
1210 335 1350 384 Ἀγαθῆι
1372 337 1475 384 τύχηι
1500 346 1572 370 non
1596 337 1642 371 ad

151 402 372 445 defunctum,
402 400 467 434 sed
491 399 537 432 ad
561 399 795 441 superstitem
821 396 1018 438 referendo,
1050 396 1114 429 sed
1138 396 1387 428 Ptolemaeum
1412 396 1441 427 11
1468 394 1641 427 Philadel-

148 460 264 503 phum
299 466 494 501 agnoscere
530 455 676 489 mavolt.
725 454 793 487 Sed
822 454 857 486 in
891 462 944 496 eo,
980 455 1024 485 ut
1053 454 1195 486 monuit
1222 452 1388 485 Wilcken
1418 452 1553 484 Archiv
1583 450 1642 484 fiir

141 515 510 559 Papyrusforschung
533 514 581 546 111
605 522 640 556 p.
659 515 735 554 345,
765 519 900 544 nomen
923 511 1066 552 regium
1097 511 1277 543 omissum
1301 509 1555 551 gravissimam
1579 509 1642 541 ha-

149 573 252 607 beret
277 570 524 606 offensionem.

59 631 96 664 P.
113 633 156 664 52
180 640 214 663 n.
232 633 286 663 22.
336 628 671 672 Interpretationem
695 635 815 659 meam
841 625 972 667 probat
991 624 1028 657 U.
1045 624 1210 657 Wilcken
1234 623 1367 656 Archiv
1385 624 1443 656 fiir
1459 623 1642 665 Papyrus-

150 687 345 729 {orschung
369 687 416 719 111
440 695 475 728 p.
495 687 572 727 346,
596 684 666 717 nisi
689 683 789 726 quod
813 682 956 715 dubitat
979 691 1068 715 num
1093 680 1167 714 υἱόν
1191 682 1228 714 in
1253 681 1371 723 lapide
1395 680 1514 713 fuerit.

59 746 97 779 P.
112 747 156 779 36
179 754 213 778 n.
231 747 286 777 28.
332 742 510 776 Arsinoen
534 743 577 784 ll,
601 740 795 774 Ptolemaei
818 740 849 771 11
874 739 1096 781 Philadelphi
1122 747 1286 772 sororem
1312 738 1493 770 uterinam
1518 739 1554 770 et
1577 745 1644 779 per

149 810 327 836 annorum
359 802 540 834 374-270
574 807 605 832 a.
631 798 712 832 Chr.
734 807 768 831 n.
801 798 960 840 spatium
993 805 1158 838 uxorem,
1187 796 1361 837 intellegit
1392 795 1528 827 Strack.
1577 794 1642 826 Cui

148 859 312 892 Wilcken
335 858 469 891 Archiv
493 857 551 890 fiir
575 855 937 898 Papyrusforschung
962 855 1008 886 111
1032 863 1067 896 p.
1088 856 1153 886 346
1168 862 1247 895 sqq.
1271 854 1321 885 ita
1346 851 1568 894 obloquitur,
1602 853 1643 883 ut

148 925 258 960 posse
292 915 439 949 titulum
476 913 522 947 ad
555 914 654 946 illam
691 914 856 955 spectare
890 921 963 944 non
998 912 1114 953 neget,
1152 911 1215 943 sed
1245 910 1373 943 eodem
1407 910 1516 951 atque
1548 908 1639 941 adeo

147 973 286 1007 maiore
310 973 388 1006 iure
413 972 524 1005 etiam
544 971 590 1004 ad
605 970 811 1003 Arsinoenl
836 970 998 1012 priorem
1016 967 1238 1010 Philadelphi
1255 976 1420 1008 uxorem,
1445 966 1642 1007 Euergetae

149 1032 313 1072 matrem,
343 1028 469 1063 referri
492 1037 600 1071 posse
624 1027 770 1060 iudicet.
818 1026 909 1059 Nam
935 1025 1033 1068 quod
1066 1026 1210 1067 reginae
1234 1026 1403 1066 parentes
1427 1033 1502 1056 non
1527 1023 1643 1056 nomi-

149 1089 281 1120 nentur
310 1095 397 1120 sane
421 1095 494 1119 non
525 1085 631 1128 plane
655 1084 832 1126 impedire
857 1084 1054 1125 quominus
1085 1083 1233 1115 alteram
1260 1082 1436 1114 Arsinoen
1461 1081 1644 1122 intellega-

149 1153 244 1187 mus,
268 1144 332 1177 sed
355 1144 393 1176 in
417 1143 478 1176 illa
502 1144 623 1184 priore
648 1142 764 1174 multo
789 1141 928 1173 facilius
956 1148 1035 1172 esse
1061 1139 1253 1181 explicatu.

59 1203 96 1236 P.
114 1205 155 1236 57
181 1211 215 1235 n.
233 1204 289 1241 29,
306 1203 337 1233 2.
385 1200 551 1232 Wilcken
575 1199 707 1231 Archiv
734 1198 791 1230 fiir
817 1196 1177 1239 Papyrusforschung
1203 1197 1249 1227 Ill
1274 1205 1309 1237 p.
1328 1197 1392 1227 3⁴7
1419 1203 1478 1227 me
1503 1202 1643 1227 errasse

151 1258 279 1292 docuit
301 1266 385 1291 cum
409 1252 591 1303 Ἀρσινόη[ς
616 1253 833 1299 βαΙσιλίσσης]
858 1262 1083 1296 reponerem.
1124 1253 1266 1285 Etenim
1291 1261 1335 1285 ex
1360 1253 1549 1285 constante
1572 1259 1643 1284 usu

149 1316 294 1358 reginae
317 1314 548 1357 appellationi
573 1314 655 1346 ante
671 1320 806 1345 nomen
831 1309 1021 1353 propritim
1047 1311 1169 1343 locum
1192 1310 1314 1351 fuisse,
1340 1318 1411 1342 non
1435 1310 1520 1351 post
1545 1308 1643 1341 illud.

149 1373 232 1415 lpse
253 1368 434 1417 Ἀρσινόη[ς
458 1367 699 1415 ΦιΙλαδὲλφου]
725 1369 1019 1410 supplementum
1045 1368 1203 1400 maxime
1227 1366 1418 1409 probabile
1443 1366 1588 1398 indicat.

58 1430 95 1463 P.
113 1432 155 1464 58
181 1439 216 1463 n.
235 1431 289 1462 33.
336 1428 501 1461 Wilcken
531 1427 638 1460 Arch.
667 1426 689 1459 f.
714 1425 1079 1468 Papyrusforschung
1104 1425 1150 1456 111
1180 1433 1215 1466 p.
1235 1426 1299 1456 347
1331 1433 1351 1456 a
1382 1423 1546 1456 Strackio
1582 1431 1643 1455 eas

149 1486 299 1530 quidem
328 1486 497 1527 rationes,
529 1483 663 1526 quibus
695 1483 796 1516 nullo
828 1482 939 1515 modo
970 1481 1118 1514 titulum
1150 1481 1194 1514 de
1218 1480 1370 1513 Arsinoe
1395 1481 1425 1512 ΙΙ
1449 1481 1644 1513 Ptolemaei

150 1543 372 1586 Philadelphi
403 1550 518 1575 uxore
550 1541 707 1582 intellegi
740 1548 849 1582 posse
874 1539 1162 1572 demonstratum
1190 1538 1327 1580 ivisset,
1358 1536 1517 1579 perbene
1550 1536 1644 1569 refu-

150 1601 244 1633 tatas
260 1608 340 1633 esse
357 1591 532 1640 concedit,
557 1597 621 1630 sed
645 1606 687 1630 ea
703 1596 922 1630 refutatione
940 1597 1151 1638 neutiquam
1169 1595 1420 1637 demonstrari,
1446 1603 1519 1627 non
1536 1594 1644 1626 licere

151 1666 267 1699 aequo
303 1657 383 1689 iure
419 1656 463 1688 de
492 1654 645 1688 Arsinoe
670 1654 717 1686 111
747 1653 943 1686 Ptolemaei
966 1653 1013 1685 1v
1044 1653 1286 1695 Philopatoris
1319 1661 1434 1684 uxore
1470 1652 1641 1693 cogitare.

151 1715 268 1747 Immo
302 1713 583 1755 appellationem
614 1709 808 1755 βασίλισσαν
843 1711 931 1742 huic
966 1711 1090 1752 potius
1128 1710 1325 1742 sententiae
1362 1708 1491 1741 favere.
1551 1707 1643 1740 Nam

152 1770 347 1804 Ptolemaei
370 1778 498 1812 pacem
523 1778 607 1802 cum
625 1769 727 1810 Maga
749 1768 876 1810 utique
901 1769 985 1809 post
1011 1776 1146 1799 annum
1165 1769 1228 1798 270
1248 1776 1278 1799 a.
1298 1766 1379 1798 Chr.
1403 1766 1534 1798 factam
1552 1773 1642 1806 esse,

152 1837 225 1871 quo
249 1827 406 1860 decessit
428 1826 579 1859 Arsinoe
603 1826 644 1858 11.
691 1825 738 1857 At
761 1826 945 1858 mortuam
970 1833 1015 1856 ex
1039 1823 1230 1855 titulorum
1252 1822 1516 1863 Aegyptiorum
1542 1830 1644 1854 more

152 1885 365 1928 simpliclter
389 1881 472 1918 θεάν
497 1883 682 1925 appellari,
708 1892 779 1915 non
806 1880 1013 1925 βασίλισσαν.

61 1941 99 1976 P.
115 1944 158 1976 59
183 1951 218 1975 n.
236 1944 291 1975 84.
339 1941 400 1983 (Cf.
424 1940 596 1973 Addenda
621 1941 635 1972 1
659 1949 694 1982 p.
714 1939 791 1979 648)
818 1939 852 1971 Ρ.
870 1938 1052 1971 Perdrizet
1075 1938 1196 1970 Revue
1222 1937 1284 1969 des
1301 1937 1429 1970 etudes
1453 1937 1645 1968 anciennes

150 2000 196 2032 VI
223 2000 310 2031 4904
336 2007 371 2040 p.
389 2000 456 2030 456
481 2005 607 2030 omnes
631 1991 741 2029 h‘uius
773 1996 914 2037 generis
939 1996 1068 2038 cippos
1099 1994 1275 2027 terminos
1300 1991 1423 2038 (ὄρους)
1448 1993 1643 2026 fundorum

153 2050 216 2099 qui
243 2055 415 2089 ArsinoeS
444 2054 666 2096 Philadelphi
696 2054 817 2086 essent
849 2053 1043 2085 existimat.
1091 2052 1142 2084 Ac
1172 2053 1269 2084 certe
1301 2051 1340 2083 id
1372 2050 1644 2083 concedendum

154 2114 219 2155 est,
248 2113 383 2145 horum
407 2113 571 2145 omnium
595 2110 757 2153 lapidum
783 2111 914 2142 miram
940 2109 1214 2142 similitudinem
1246 2108 1401 2141 fortasse
1436 2107 1519 2140 inde
1543 2115 1646 2149 repe-

152 2169 297 2203 tendam
322 2178 413 2212 esse,
445 2169 545 2211 quod
567 2177 641 2201 uno
666 2170 765 2201 certo
796 2170 962 2209 tempore
992 2168 1025 2199 ei
1055 2168 1119 2208 qui
1142 2166 1378 2198 Alexandriae
1402 2166 1566 2198 omnium
1591 2173 1646 2197 re-

154 2227 258 2268 ginae
291 2235 414 2258 rerum
451 2226 752 2258 administrationi
788 2226 997 2267 praeessent
1031 2225 1069 2257 in
1114 2223 1284 2257 omnibus
1325 2223 1420 2264 agris
1458 2231 1549 2263 quas
1586 2222 1646 2254 illa

152 2291 303 2325 peregre
332 2282 536 2324 possideret
566 2282 745 2315 eiusmodi
770 2282 944 2314 terminos
969 2282 1058 2322 erigi
1081 2282 1266 2314 iusserint.
1308 2280 1424 2317 Quare
1449 2279 1542 2310 hanc
1566 2287 1646 2311 sen-

154 2340 304 2372 tentiam
328 2339 392 2371 vix
415 2339 536 2371 minus
559 2338 786 2380 probabilem
811 2347 891 2371 esse
908 2347 1017 2380 quam
1043 2347 1163 2370 meam
1184 2337 1310 2378 fateor,
1336 2335 1400 2368 sed
1415 2335 1516 2367 nullo
1536 2335 1644 2368 modo

153 2397 220 2429 has
249 2396 497 2429 dedicationes
526 2395 717 2427 hominum
747 2396 975 2437 privatorum
1000 2395 1063 2437 qui
1087 2394 1263 2427 Arsino'eSn
1288 2393 1420 2425 divinis
1445 2392 1646 2425 honoribus

155 2452 341 2486 affecerint
365 2461 444 2485 esse
468 2460 578 2494 posse
602 2452 809 2484 etiamnunc
832 2452 923 2484 mihi
947 2460 1164 2494 persuasum
1190 2453 1254 2483 est.

25 2503 42 2523 ς’
64 2509 103 2543 P.
119 2513 160 2543 60
186 2519 219 2543 n.
239 2513 294 2543 35.
340 2510 392 2541 De
414 2509 561 2541 diverso
586 2509 776 2540 nominum
801 2506 956 2552 βασιλεύς
979 2510 1015 2541 et
1041 2507 1217 2552 βασίλισσα
1239 2516 1311 2540 usu
1336 2507 1425 2539 mihi
1451 2507 1646 2539 assentitur

156 2567 320 2600 Wilcken
343 2566 479 2599 Archiv
503 2565 561 2598 fiir
584 2564 945 2606 Papyrusforschung
970 2566 1016 2596 111
1040 2574 1075 2606 p.
1095 2567 1171 2596 349.

34 2652 38 2657 .
67 2622 104 2656 Ρ.
121 2626 164 2657 67
189 2633 225 2657 n.
242 2626 298 2667 43.
343 2623 507 2656 Alterum
531 2622 694 2654 eiusdem
720 2622 854 2654 decreti
880 2622 1087 2663 exemplum
1114 2631 1206 2654 anno
1234 2624 1321 2654 ⁴902
1347 2621 1433 2652 item
1463 2620 1500 2651 in
1531 2619 1647 2651 insula

159 2681 208 2714 Co
239 2683 386 2714 erutum
418 2689 497 2713 esse
521 2681 673 2721 eiusque
697 2679 905 2720 exemplum
930 2679 976 2710 ab
1000 2678 1175 2719 Herzogio
1201 2687 1285 2710 cum
1311 2677 1524 2709 Holleauxio
1549 2684 1647 2708 com-

158 2739 383 2771 municatum
414 2737 522 2770 refert
551 2737 587 2769 P.
612 2735 787 2768 Graindor
819 2735 908 2767 Bull.
934 2735 978 2767 de
1002 2743 1093 2767 corr.
1118 2734 1205 2766 Heli.
1228 2733 1359 2765 XXVII
1385 2735 1474 2764 4903
1507 2741 1543 2773 p.
1562 2734 1645 2773 3983

160 2803 205 2827 ex
228 2804 302 2836 quo
327 2803 501 2837 apparere
525 2803 559 2826 v.
579 2795 713 2834 lisqq.
743 2792 794 2824 ita
823 2792 946 2833 potius
976 2790 1242 2823 restituendum
1274 2798 1367 2821 esse:
1403 2787 1420 2821 ὁ
1448 2787 1556 2834 δῆμος
1582 2786 1611 2829 [ὁ
1638 2787 1644 2832 Ι

159 2848 326 2896 ἡμέτερος
348 2849 574 2895 παρεκάλεσεν
592 2847 725 2891 acheus
751 2847 835 2893 μετὰ
851 2845 1040 2893 Βάκχωνος
1060 2845 1065 2890 Ι
1085 2847 1154 2888 [τοῦ
1173 2845 1360 2892 νησιάρχου
1387 2843 1504 2879 αὐτόθι
1528 2845 1647 2890 παρα]-

163 2905 338 2950 μείναντας
359 2906 435 2941 κτλ.
