1858 3126
192 125 276 167 686

189 261 308 307 ξυλικὴ
335 262 511 308 παρακευὴ
533 266 599 295 τῶν
619 260 807 307 θεατρικῶν
834 263 911 306 510,
928 270 943 296 7

189 318 313 359 ξύλινοι
336 317 462 364 καρποί
486 319 540 361 55,
563 326 613 353 13.
631 326 668 353 14

189 375 307 416 ξύλον’
338 375 488 410 δεδέσθω
521 375 555 410 ἐν
585 376 635 422 τῷ
658 375 747 422 ξύλῳ
772 377 851 420 483,
874 383 948 411 181.

236 432 318 472 ξύλα
343 433 398 476 46,
419 440 471 467 18.
498 433 576 477 527,
597 441 613 466 5

189 489 379 538 ξυστάρχης
405 491 484 534 714,
503 498 518 524 7

189 546 326 593 ξυστικὴ
355 546 494 586 σύνοδος
518 548 596 591 713,
616 554 646 582 3.
666 554 682 581 9

189 604 321 644 ξυστός·
348 604 511 652 ἀρχιερέα
533 607 594 639 τοῦ
617 604 810 650 σύμπαντος
830 601 950 642 ξυστοῦ

236 662 314 705 714,
342 670 372 696 6.
423 662 465 708 τῇ
501 674 537 696 τε
569 661 803 707 καθιδρυμένῃ
835 660 869 694 ἐν
902 660 951 706 τῷ

235 717 344 764 ξυστῷ
382 718 486 754 εἰκόνι
528 718 693 764 βασιλέως
734 716 948 763 Πτολεμαίου

238 777 315 819 764,
335 782 376 809 42

188 831 327 879 ξύστρα·
374 832 584 880 ἐχορήγησεν
634 832 671 866 δὲ
710 832 768 866 καὶ
809 831 950 879 Εὑστρας

237 891 315 933 339,
335 897 374 924 77

190 1003 312 1049 ὀβολός
345 1005 424 1047 674,
451 1010 505 1038 21.
556 1002 674 1048 ὀβολοί
710 1004 789 1046 214,
817 1010 868 1037 36.
896 1010 949 1037 40.

237 1069 292 1095 45.
312 1068 366 1095 53.
391 1062 468 1104 674,
488 1067 543 1095 22.
562 1066 602 1094 27

190 1117 315 1153 ὁδεύω·
358 1117 525 1152 ἐκέλευσα
558 1117 618 1151 καὶ
654 1115 832 1152 ὁδεύεσθαι
873 1113 945 1162 μετ’

236 1174 373 1222 εἰρήνης
396 1174 456 1210 καὶ
479 1172 644 1209 πλέεσθαι
674 1175 750 1218 199,
769 1181 809 1209 28

190 1232 374 1267 ὁδοποιέω·
400 1231 477 1267 ὁδὸν
500 1251 547 1257 --
569 1231 655 1278 πρὸς
673 1230 845 1278 εὐχέρειαν
863 1230 949 1265 ὡδο-

235 1289 426 1336 ποιημένην
453 1290 529 1333 175,
550 1297 589 1324 10

191 1346 268 1385 ὁδός
280 1346 435 1392 passim.
467 1348 619 1390 335,112
632 1356 705 1390 sqq.
739 1344 816 1383 ὁδὸς
833 1344 951 1380 εὐθεῖα

239 1405 315 1448 175,
330 1411 360 1438 8.
394 1403 472 1438 ὁδὸν
487 1403 609 1449 καινὴν
626 1398 798 1448 Ἁδριανὴν
816 1421 864 1427 -
875 1402 951 1437 ἀνέ-

235 1473 336 1506 τεμεν
373 1462 450 1504 701,
482 1467 512 1494 8.
564 1456 644 1494 καθ’
689 1459 765 1494 ὁδὸν
802 1459 949 1505 ἑκάστην

237 1518 316 1561 629,
335 1525 387 1552 88.
428 1518 491 1563 τὴν
509 1515 586 1551 ὁδὸν
603 1515 719 1554 κτίσας
737 1517 814 1560 606,
827 1525 857 1550 5.
889 1515 950 1554 τὰς

236 1574 434 1621 λεωφόρους
460 1573 560 1612 ὁδούς
584 1574 662 1617 519,
683 1580 735 1608 18.
755 1579 795 1608 20

189 1630 344 1667 ὀθόνιον’
370 1630 534 1677 βυσσίνων
561 1629 703 1665 ὀθονίων
728 1631 783 1674 90,
805 1638 857 1665 18.
877 1637 917 1665 29

190 1688 344 1736 οἷγνυμι·
370 1688 483 1735 ὀείγην
507 1687 578 1726 τοὶς
601 1687 717 1726 ναὺοις
740 1688 771 1731 2,
791 1695 832 1721 43

190 1745 319 1784 οἰκεῖος
360 1745 406 1779 ὢν
442 1748 502 1780 τοῦ
541 1743 708 1790 βασιλέως
752 1743 949 1791 Δημητρίου

237 1803 269 1845 9,
286 1809 315 1836 1.
347 1801 537 1848 εὐεργεσίας
554 1800 666 1836 ἕνεκεν
683 1806 746 1847 τῆς
763 1801 812 1839 εἰς
829 1800 951 1839 αὑτοὺς

236 1859 295 1893 καὶ
324 1858 404 1897 τοὺς
437 1858 584 1897 οἰκείους
616 1859 693 1903 731,
714 1865 744 1892 6.
787 1857 950 1892 οἰκειοτά-

230 1929 292 1962 την
335 1915 539 1962 ἐλογιζόμην
579 1916 641 1962 τὴν
681 1914 840 1951 ἀνάθεσιν
882 1917 950 1958 (τοῦ

236 1973 443 2019 ἀνδριάντος)
486 1971 622 2007 ἔσεσθαι
667 1972 700 2006 ἐν
747 1972 853 2018 ταύτῃ
898 1973 950 2018 (τῇ

236 2029 418 2076 Μιλησίων
442 2029 554 2070 πόλει)
579 2029 657 2072 763,
676 2035 729 2063 66.
769 2028 827 2063 καὶ
844 2028 903 2063 ἐάν
919 2039 952 2062 τι

238 2087 273 2121 αἱ
308 2086 427 2125 πόλεις
464 2085 666 2131 οἰκειότερον
701 2085 952 2130 βουλεύσωνται

237 2145 316 2187 437,
337 2151 376 2178 85

192 2200 360 2245 οἰκειότης
386 2201 417 2243 5,
438 2207 490 2234 41,
518 2200 571 2243 10,
591 2207 608 2233 4

192 2258 329 2303 οἰκέτης
353 2258 431 2301 483,
453 2264 515 2291 175

192 2315 295 2350 οἰκέω
315 2313 470 2360 passim.
506 2311 700 2359 passivum
723 2311 868 2347 notione
891 2322 951 2346 ac·-

237 2371 318 2406 tivi:
343 2377 412 2405 τῶν
436 2372 607 2416 τυράννων
631 2370 690 2405 καὶ
705 2374 771 2403 τῶν
790 2368 835 2414 ἐμ
851 2368 952 2402 πόλει

238 2427 449 2473 οἰκηθέντων
487 2428 518 2471 8,
550 2434 624 2462 123.
657 2433 732 2460 124.
771 2434 844 2462 146.
875 2434 950 2461 147.

241 2491 316 2519 153.
338 2491 398 2518 154

192 2541 343 2587 οἴκημα·
381 2540 438 2575 ἐὰν
477 2539 494 2574 ὁ
533 2540 594 2585 μὲν
632 2538 780 2586 ὑπερῷον
818 2539 951 2585 οἴκημα

238 2598 323 2645 πρὸς
347 2596 440 2644 αὐτῷ
464 2598 524 2644 (τῷ
545 2597 650 2642 κοινῷ
673 2595 789 2644 τοίχῳ)
816 2594 900 2642 ἔχῃ,
932 2596 949 2630 ὁ

239 2655 276 2690 δὲ
300 2654 431 2689 ἁπλοῦν
456 2654 535 2698 483,
557 2661 619 2689 110
701 2665 704 2669 ’

194 2711 329 2759 οἰκηταί
352 2712 430 2755 229,
450 2718 504 2746 35.
523 2718 577 2746 47.
591 2718 632 2746 48

193 2768 402 2814 οἰκοδομέω·
418 2768 477 2803 τὸν
495 2767 589 2803 οἷκον
608 2763 826 2815 ᾠκοδόμησεν
837 2767 949 2811 418,4.

237 2826 275 2860 τὸ
314 2825 401 2871 ἱερὸν
439 2825 667 2871 οἰκοδόμησαν
704 2825 782 2868 675,
814 2831 843 2858 2.
894 2824 950 2858 τὸν

237 2883 316 2917 ναὸν
341 2881 572 2927 οἰκοδομήσας
597 2882 675 2925 606,
695 2888 725 2916 6.
764 2882 827 2927 τὴν
844 2879 951 2926 καμέ-

906 125 1056 159 Indices.

1065 275 1124 309 ραν
1157 259 1376 309 ᾠκοδόμησεν
1407 263 1485 306 631,
1507 270 1536 297 6.
1582 266 1642 298 τοῦ
1679 264 1776 302 ἐκτὸς

1063 319 1180 367 τοίχου
1212 338 1259 345 -
1291 319 1579 365 οἰκοδομηθέντος
1614 320 1776 367 ἀσφαλῶς

1064 377 1143 421 483,
1166 384 1227 412 128
1851 396 1858 423 ,

1020 434 1205 479 οἰκοδομή·
1236 432 1260 480 ὴ
1292 434 1459 480 οἰκοδομὴ
1495 437 1555 469 τοῦ
1591 433 1774 480 περιβόλου
1852 468 1858 476 .

1066 493 1143 535 655,
1163 498 1193 525 2.
1232 491 1294 537 τὴν
1320 491 1509 537 οἰκοδομὴν
1536 494 1596 526 τοῦ
1621 490 1777 528 πυλῶνος
1848 481 1858 550 γε

1067 550 1144 593 677,
1165 557 1193 583 4.
1235 548 1283 587 εἰς
1306 548 1368 594 τὴν
1394 548 1582 594 οἰκοδομὴν
1605 551 1665 583 τοῦ
1686 547 1775 593 ἱεροῦ

1066 606 1144 649 622,
1164 613 1180 639 s
1852 589 1858 661 ξ

1020 662 1199 708 οἰκοδομία
1223 664 1302 707 483,
1325 669 1398 698 104.
1419 670 1480 698 107

1020 719 1201 766 οἰκοδόμος
1226 721 1303 764 770,
1323 727 1338 753 7

1020 775 1176 812 οἴκοθεν·
1210 776 1353 811 πλεῖστα
1389 773 1524 810 οἴκοθεν
1557 775 1779 811 ἀναλώσαντα
1852 786 1858 810 i

1067 835 1144 878 646,
1166 839 1205 867 12

1021 890 1226 936 οἰκονομέω·
1259 886 1313 935 ἐφ’
1342 889 1364 924 ἅ
1393 901 1430 924 τε
1458 889 1630 937 ἀπεστάλη
1660 889 1778 928 καλῶς
1846 881 1858 926 ’ζ’

1065 947 1125 981 καὶ
1147 946 1288 986 δικαίως
1303 945 1494 992 οἰκονομῶν
1512 946 1660 981 διατελεῖ
1675 948 1730 990 41,
1747 955 1776 982 7.

1065 1002 1238 1050 Ἀρριδαίῳ
1267 1004 1319 1050 τῷ
1351 1003 1588 1048 οἰκονομοῦντι
1614 1002 1657 1038 τὰ
1686 1003 1778 1039 Λαο-

1067 1060 1164 1107 δίκης
1188 1061 1266 1104 225,
1286 1067 1339 1096 2ο.
1359 1067 1412 1095 35.
1451 1060 1512 1099 τὰς
1529 1078 1576 1085 -
1590 1059 1778 1106 προσόδους

1066 1137 1110 1143 —-
1136 1117 1378 1166 ᾠκονομήκασι
1406 1116 1451 1160 (οἱ
1475 1117 1664 1165 στρατηγοὶ)
1695 1128 1778 1164 συμ-

1067 1175 1237 1223 φερόντως
1259 1176 1309 1221 τῷ
1332 1174 1434 1221 δήμῳ
1459 1174 1537 1218 267,
1556 1182 1572 1208 7
1842 1195 1843 1199 ,

1020 1232 1253 1278 οἰκονόμημα·
1278 1231 1317 1267 οὐ
1343 1231 1445 1277 μόνον
1463 1231 1617 1279 ἠρκέσθη
1635 1232 1690 1267 ἐπὶ
1704 1235 1793 1280 τοῖς,
1839 1258 1845 1266 ..

1066 1289 1235 1336 γεγονόσιν
1260 1289 1532 1335 οἰκονομήμασιν
1556 1289 1634 1333 453,
1655 1296 1695 1324 19

1021 1346 1218 1392 οἰκονομία·
1243 1344 1445 1382 ὑποκεῖσθαι
1468 1346 1507 1381 δὲ
1530 1345 1646 1384 αὐτοῖς
1661 1346 1720 1380 καὶ
1737 1346 1777 1380 ἐκ

1065 1407 1128 1450 τῆς
1153 1402 1350 1448 οἰκονομίας
1375 1402 1518 1438 ἑκάστου
1545 1402 1699 1438 ἐνιαυτοῦ
1718 1403 1778 1438 τά·
1839 1417 1842 1420 ·

1065 1460 1186 1495 λαντον
1199 1461 1255 1504 46,
1269 1468 1320 1495 14.
1362 1460 1395 1495 οἱ
1410 1460 1620 1499 δανείσαντες
1641 1460 1697 1495 ἐπὶ
1706 1462 1779 1498 τοῖς

1067 1516 1281 1552 ὑποτεθεῖσιν
1300 1516 1416 1556 αὐτοῖς
1431 1517 1499 1552 ἀπὸ
1508 1521 1572 1563 τῆς
1584 1515 1778 1563 οἰκονομίας
1842 1537 1848 1540 -

1067 1574 1103 1614 ἓξ
1117 1574 1296 1613 ταλάντοις
1320 1575 1376 1619 46,
1397 1582 1449 1609 15.
1471 1581 1523 1609 16.
1561 1574 1605 1609 τὰ
1621 1573 1659 1609 δὲ
1674 1572 1779 1608 λοιπὰ
1842 1574 1858 1612 ‘'f,

1068 1631 1232 1680 ὑπάρχειν
1280 1631 1327 1670 εἰς
1374 1631 1435 1677 τὴν
1478 1630 1674 1676 οἰκονομίαν
1721 1631 1777 1674 46,

1071 1696 1123 1723 16.
1143 1697 1195 1724 17.
1240 1694 1308 1723 τῶν
1341 1687 1652 1736 ὑπασχολουμένων
1677 1687 1712 1722 ἐν
1735 1687 1778 1736 τῇ

1069 1745 1248 1792 οἰκονομίᾳ
1278 1744 1333 1780 διὰ
1361 1749 1422 1792 τῆς
1453 1744 1589 1791 μερίδος
1623 1745 1700 1788 179,
1726 1751 1779 1779 11.
1843 1758 1858 1773 -·

1069 1803 1104 1838 έν
1134 1807 1209 1842 ταῖς
1240 1802 1330 1837 κατὰ
1357 1801 1419 1847 τὴν
1449 1800 1620 1836 πολιτείαν
1649 1801 1780 1836 οἰκονο-

1069 1860 1160 1906 μίαις
1185 1861 1263 1904 323,
1287 1865 1325 1894 12
1854 1861 1858 1901 ff

1022 1918 1206 1962 οἰκονόμος
1224 1917 1277 1960 59,
1298 1924 1328 1950 9.
1354 1917 1431 1959 225,
1448 1924 1505 1951 37.
1530 1916 1608 1959 669,
1628 1921 1679 1950 22.
1719 1918 1779 1950 τοῦ

1067 1977 1184 2008 κοινοῦ
1207 1978 1275 2007 τῶν
1300 1973 1378 2018 περὶ
1399 1973 1458 2007 τὸν
1483 1972 1644 2007 Διόνυσον
1671 1983 1781 2020 τεχνι-

1066 2035 1134 2065 τῶν
1165 2031 1218 2073 50,
1239 2036 1290 2063 12.
1326 2029 1380 2072 51,
1400 2035 1453 2063 26.
1505 2027 1687 2073 οἰκονόμος
1719 2031 1780 2064 τοῦ

1070 2085 1233 2131 βασιλέως
1265 2086 1341 2128 188,
1361 2093 1390 2119 3.
1423 2086 1500 2129 189,
1525 2093 1555 2120 3.
1601 2085 1781 2132 οἰκονόμος

1067 2149 1133 2178 τῶν
1167 2142 1255 2177 κατὰ
1279 2140 1474 2188 Ναύκρατιν
1499 2143 1554 2186 89,
1573 2149 1604 2177 6.
1649 2141 1780 2177 οἰκονό-

1069 2212 1131 2244 μος
1146 2204 1214 2233 τῶν
1233 2197 1344 2233 αὐτῶν
1361 2198 1476 2233 τόπων
1497 2199 1574 2243 102,
1594 2206 1646 2234 15.
1687 2199 1779 2234 οἰκο-

1066 2256 1171 2302 νόμος
1197 2261 1332 2290 σιτικῶν
1357 2260 1419 2302 τῆς
1441 2252 1663 2302 Ἡρακλείδου
1688 2256 1779 2302 μερί-
1830 2247 1845 2275 ’ἶ

1068 2312 1125 2351 δος
1152 2314 1229 2357 177,
1249 2321 1280 2348 7.
1308 2313 1383 2357 179,
1403 2320 1433 2348 ’1.
1473 2312 1651 2357 οἰκονόμοι
1673 2311 1780 2359 Πριη-
1826 2309 1853 2349 ³.

1067 2369 1151 2404 νέων
1193 2371 1271 2414 215,
1306 2377 1359 2405 18.
1413 2374 1584 2404 κοινωνῶν
1631 2369 1778 2414 λιμένων
1828 2360 1830 2362 ¹

1066 2423 1173 2464 Ἀσίας
1198 2426 1380 2471 οἰκονόμος
1405 2425 1439 2461 ἐν
1460 2422 1563 2473 Ἰασῷ
1587 2426 1664 2470 522,
1682 2433 1701 2459 4
1845 2464 1850 2468 ,

1022 2482 1134 2521 οἶκος·
1165 2482 1257 2524 ἄξιον
1288 2482 1377 2518 εἶναι
1405 2501 1452 2508 -
1484 2482 1564 2517 ὅλου
1595 2486 1655 2517 τοῦ
1679 2481 1777 2518 οἴκου
1828 2483 1830 2487 “

1069 2540 1146 2583 331,
1165 2546 1218 2575 22.
1265 2542 1325 2574 τοῦ
1354 2538 1525 2586 Σεβαστοῦ
1558 2541 1635 2583 (τῶν
1669 2537 1778 2585 Σεβα-
1819 2538 1823 2552 ³

1068 2597 1164 2639 στῶν)
1188 2615 1234 2621 -
1257 2597 1315 2632 καὶ
1337 2599 1397 2632 τοῦ
1414 2596 1538 2634 παντὸς
1563 2595 1776 2641 (σύμπαντος)
1815 2631 1826 2642 „

1068 2652 1171 2688 αὐτοῦ
1196 2652 1328 2697 (αὐτῶν)
1355 2652 1451 2688 οἴκου
1476 2653 1553 2697 606,
1580 2658 1610 2688 2.
1643 2653 1721 2696 622,
1747 2660 1777 2688 3.

1068 2711 1146 2754 625,
1164 2718 1195 2745 4.
1222 2711 1299 2754 667,
1315 2717 1344 2745 2.
1370 2710 1447 2754 671,
1464 2716 1493 2743 2.
1512 2710 1633 2753 675,1.
1653 2709 1731 2753 678,
1746 2715 1776 2745 2.
1815 2714 1818 2715 ⁷
1853 2727 1857 2747 ;

1069 2768 1146 2811 702,
1162 2775 1192 2802 4.
1219 2768 1337 2812 708,7.
1378 2765 1460 2801 θεοῦ
1479 2765 1612 2813 γέγονεν
1629 2765 1724 2805 οἶκος
1739 2766 1778 2804 τὸ
1819 2782 1825 2799 ς
1851 2775 1855 2811 3

1067 2829 1134 2858 τῶν
1159 2823 1328 2870 δαιμόνων
1352 2824 1562 2870 καταγώγιον
1587 2824 1665 2867 610,
1686 2831 1701 2858 1
1828 2821 1856 2839 '³

1023 2880 1219 2928 οἰκότροφοι
1243 2879 1359 2915 δοῦλοι
1384 2880 1461 2922 765,
1483 2886 1522 2914 19
