1858 3126
221 152 305 191 444
407 149 496 181 VIII.
533 150 680 191 Imperii
705 149 854 182 Romani
879 151 1088 192 provinciae
1114 150 1317 183 orientales.
1366 154 1397 183 9.
1422 150 1619 193 Aegyptus.
1677 151 1804 194 [7⁰6—

220 289 286 320 Isis
311 287 396 320 Isidi
421 287 580 320 dedicari
597 287 740 330 dicitur,
766 297 882 330 neque
906 297 946 321 re
969 298 1086 331 neque
1103 289 1295 322 vocabulis
1312 288 1486 322 dissimile
1506 291 1562 322 est
1585 289 1682 323 illius
1705 289 1806 332 quod

222 344 331 387 Syll.2
349 348 425 388 324,
447 348 476 378 3.
496 348 513 378 4
539 346 693 387 legimus
716 344 774 378 τὸν
797 340 972 392 Ἡρακλῆν
991 344 1162 390 ἀνέθηκαν
1181 345 1432 391 ἀφιερώσαντες
1453 342 1621 391 Ἡρακλεῖ
1642 345 1702 380 καὶ
1716 342 1805 380 Ἰτα-

219 401 344 440 λικοῖς.
500 405 516 434 3
554 403 625 435 Aut
658 403 860 436 Antoninus
895 404 979 436 Pius
1012 405 1054 445 (a.
1081 406 1256 437 438-464
1293 413 1328 446 p.
1345 404 1426 437 Chr.
1444 404 1490 446 n.)
1527 406 1590 436 aut
1625 404 1806 438 Caracalla

223 461 262 501 (a.
283 463 464 492 244-247
483 469 518 502 p.
536 460 628 501 Chr.)
654 461 913 502 intellegendus
932 461 1089 503 videtur,
1115 462 1200 503 qula
1225 470 1269 494 ex
1295 461 1466 494 omnibus
1490 461 1717 504 principibus
1742 462 1806 503 qui

221 518 293 550 hoc
316 527 448 550 nomen
474 519 663 559 gesserunt
686 518 724 550 hi
749 517 821 551 duo
847 518 1140 560 frequentissime
1164 518 1261 551 nuda
1277 518 1450 551 Antonini
1468 519 1710 561 appellatIOne
1735 519 1805 560 sig-

223 575 425 608 nificantur.

310 758 394 801 707
439 761 535 812 Tyri
566 757 705 813 (Sour)
742 760 978 801 Phoenices.
1037 761 1107 800 Ed.
1142 762 1277 801 Heron
1309 762 1358 802 de
1390 761 1600 801 Villefosse
1635 761 1807 800 Bulletin

221 831 270 869 de
300 831 338 868 la
368 830 516 869 societe
546 830 750 869 nationale
785 831 857 870 des
888 831 1136 882 antiquaires
1167 832 1217 870 de
1247 832 1286 869 la
1316 831 1470 870 France
1503 831 1604 870 4904
1642 843 1683 883 p.
1707 830 1804 869 228.

222 898 279 937 Cf.
311 898 406 937 ibid.
439 898 633 938 Addenda
663 911 703 951 p.
728 899 809 938 322
843 898 995 951 (Revue
1026 899 1337 952 archeologique
1357 899 1578 939 Troisieme
1598 899 1701 939 serie
1719 899 1808 938 XLI

224 967 333 1007 4902
371 980 411 1020 p.
437 967 519 1006 345
557 980 597 1006 n.
627 965 707 1019 50).
767 968 969 1019 Seymour
1016 969 1065 1007 de
1101 968 1210 1007 Ricci
1245 968 1396 1008 Archiv
1433 968 1498 1007 fiir
1534 967 1808 1020 Papyrusfor-

221 1035 378 1087 schung
408 1036 442 1074 II
471 1049 512 1088 p.
536 1034 610 1074 574
650 1048 688 1074 n.
716 1035 812 1088 454,
845 1037 913 1088 qui
942 1049 1042 1076 usus
1074 1040 1134 1076 est
1160 1040 1306 1089 ectypo
1327 1036 1542 1076 chartaceo
1573 1037 1625 1076 ab
1645 1036 1808 1076 Herone

221 1107 271 1147 de
301 1107 512 1147 Villefosse
545 1107 742 1146 confecto.

337 1218 489 1275 Τ(ίτωι)
529 1219 712 1276 Φουρίωι
759 1220 762 1276 Ι
812 1218 1146 1276 Οὖικτωρείνωιί,
1196 1219 1202 1277 Ι
1250 1219 1439 1278 ἐπάρχωι
1481 1220 1752 1277 Αἰγύπτο[οἳ,]
1801 1222 1806 1276 l

292 1301 310 1332 5
339 1287 526 1345 ἐπάρχωι
560 1289 804 1344 πραιτωρίου
816 1291 844 1342 3,
876 1288 888 1344 ΙΙ
925 1290 1202 1345 Φορτουνᾶτος
1240 1289 1500 1346 Σεβασ[τοῦ’4]
1532 1288 1537 1345 1
1572 1290 1809 1344 ἀπελ(ει’)θε·-

312 1423 466 1456 Litterae
497 1423 673 1456 ΘΞΠΟω.
722 1422 815 1454 Vs.⁴
848 1423 883 1454 et
909 1426 927 1454 6
959 1422 1230 1464 compendiaria
1263 1423 1446 1464 scriptura
1475 1422 1626 1464 singulis
1662 1422 1809 1465 punctis

220 1480 339 1512 media
375 1489 503 1513 versus
540 1480 729 1512 altitudine
759 1480 890 1521 positis
923 1479 1113 1522 indicatur,
1150 1489 1184 1512 v.
1212 1483 1229 1511 7
1267 1480 1493 1514 ΑΙΓΥΠΤΟΥ
1525 1482 1562 1513 et
1592 1481 1659 1514 ΚΑΙ
1697 1479 1808 1513 {olioli

220 1538 322 1578 signo
358 1537 587 1570 distineatur.
755 1542 765 1569 4
804 1537 853 1570 Cf.
891 1538 1207 1580 Prosopographia
1240 1539 1328 1580 imp.
1353 1538 1457 1571 Rom.
1475 1538 1506 1570 ΙΙ
1531 1546 1566 1580 p.
1585 1540 1650 1570 462
1676 1546 1711 1570 n.
1729 1538 1808 1570 409.

220 1595 366 1627 Praeter
382 1595 492 1627 Marci
509 1594 645 1626 Aurelii
662 1594 905 1636 biographum
930 1596 992 1636 qui
1018 1594 1266 1636 praefecturae
1290 1595 1463 1637 praetorii
1489 1595 1654 1627 meminit
1671 1594 1756 1636 (not.
1776 1595 1805 1635 8)

220 1653 299 1684 eius
323 1653 360 1684 in
376 1652 506 1684 litteris
523 1651 658 1684 mentio
677 1661 748 1684 non
773 1651 823 1693 fit,
850 1652 919 1684 nisi
937 1651 1028 1684 forte
1054 1654 1150 1684 recte
1175 1661 1214 1684 se
1237 1651 1348 1685 habet
1362 1652 1548 1694 ingeniosa
1563 1652 1601 1684 B.
1619 1651 1808 1693 Borghesii

219 1711 440 1751 coniectura,
467 1710 503 1741 in
528 1710 604 1741 vita
629 1709 680 1740 Pii
704 1711 722 1740 8
747 1707 791 1741 in
815 1706 920 1741 cuius
947 1709 1047 1749 (Tatii
1063 1710 1221 1750 Maximi)
1246 1707 1427 1743 demortui
1447 1707 1568 1743 locum
1590 1707 1681 1743 duos
1698 1717 1808 1752 prae-

219 1765 327 1809 fectos
349 1764 538 1800 substituit
552 1763 715 1800 Fabium
730 1763 976 1809 Repentinum
1000 1767 1032 1798 et
1053 1763 1263 1799 Cornelium
1286 1764 1518 1800 Victorinum
1542 1767 1721 1808 seriptum
1746 1767 1810 1798 aut

221 1827 318 1857 certe
343 1824 577 1857 scribendum
603 1823 714 1856 fuisse
745 1820 953 1856 Cornelium
968 1820 1212 1866 Repentinum
1236 1825 1268 1856 et
1289 1821 1452 1857 Furiwm
1475 1821 1716 1857 Victoriam.
1757 1822 1808 1855 Cf.

219 1882 393 1923 Borghesi
417 1882 588 1914 Memorie
606 1880 685 1913 dell’
697 1882 780 1913 inst.
798 1881 895 1913 arch.
913 1881 943 1912 11
969 1890 1002 1922 p.
1020 1883 1097 1912 288.
1139 1881 1175 1913 O.
1194 1880 1396 1913 Hirschfeld
1413 1881 1731 1922 Untersuchungen
1749 1879 1813 1912 auf

220 1939 302 1971 dem
326 1939 452 1971 Gehiet
477 1938 541 1971 der
565 1942 656 1971 rom.
683 1938 1176 1980 VerwaltungsgeschichteI
1201 1946 1235 1980 p.
1254 1940 1331 1970 226.
1372 1937 1411 1970 H.
1429 1938 1567 1970 Dessau
1589 1937 1807 1979 Prosopogr.

220 1997 308 2037 imp.
326 1997 429 2028 Rom.
443 1997 473 2027 11
499 2005 533 2037 p.
554 1999 590 2028 54
622 2005 655 2028 n.
676 1998 728 2028 49.
848 1998 866 2027 2
899 1996 974 2028 Hoc
999 2003 1148 2027 munere
1172 1996 1275 2036 prius
1299 1994 1463 2027 functum
1481 2003 1561 2027 esse
1577 1994 1808 2027 Victorinum

220 2063 329 2095 quam
355 2053 581 2095 praefectura
606 2054 779 2094 praetorii
803 2062 888 2085 cum
913 2062 958 2085 ex
982 2053 1108 2085 ordine
1126 2052 1323 2085 verborum
1341 2052 1405 2094 qui
1429 2052 1488 2084 hic
1505 2051 1808 2099 observatur0ap-

218 2112 322 2152 paret
347 2112 426 2142 tum
443 2110 526 2142 inde
551 2110 649 2150 quod
674 2111 711 2141 in
727 2110 797 2142 hoc
814 2109 931 2142 officio
950 2111 1117 2142 mortuus
1138 2111 1193 2142 est-
1218 2109 1270 2150 (cf.
1290 2110 1364 2141 not.
1383 2109 1426 2150 3).
1462 2108 1588 2151 Neque
1604 2109 1643 2141 id
1658 2109 1807 2151 mirum,

218 2168 391 2209 quoniam
415 2168 489 2199 iam
514 2167 656 2208 pridem
680 2166 885 2208 praefectus
910 2167 1096 2208 praetorio
1123 2167 1218 2199 inter
1235 2174 1361 2198 omnes
1379 2166 1560 2208 equestris
1578 2165 1715 2199 ordinis
1732 2174 1809 2198 ma-

219 2225 391 2266 gistratus
409 2233 554 2257 summa
576 2223 747 2265 dignitate
772 2232 852 2256 esse
876 2224 1164 2257 existimabatur.
1205 2224 1310 2256 Initio
1329 2232 1414 2256 sane
1430 2223 1636 2266 praefectus
1651 2223 1808 2265 Aegypti

219 2283 279 2314 illo
306 2283 415 2314 etiam
441 2281 596 2314 nobilior
620 2280 833 2323 habebatur,
867 2283 908 2313 ut
932 2282 1123 2314 etlamtum
1149 2290 1169 2313 a
1194 2281 1343 2314 Claudio
1375 2281 1561 2314 hominem
1586 2289 1630 2313 ex
1654 2280 1716 2313 illo
1740 2280 1807 2313 ho-

220 2349 307 2372 nore
332 2340 377 2372 ad
402 2340 499 2371 hunc
522 2339 735 2380 promoveri
760 2339 961 2371 videamus.
1000 2338 1048 2371 Cf.
1074 2347 1109 2371 n.
1124 2338 1224 2371 6641.
1345 2341 1363 2370 3
1395 2337 1445 2371 Cf.
1471 2339 1599 2380 Seript.
1617 2337 1701 2371 hist.
1717 2337 1806 2378 Aug.

218 2397 422 2428 Antoninus
441 2396 681 2437 Philosophus
706 2397 768 2428 44:
796 2393 933 2429 Lucius
958 2393 1103 2438 quidem
1128 2395 1265 2436 (Verus)
1291 2394 1386 2438 quod
1408 2393 1571 2429 amissus
1593 2395 1683 2428 esset
1697 2403 1807 2438 prae-

220 2452 332 2495 fectus
359 2451 546 2495 praetorio
570 2451 713 2485 F'urius
743 2451 956 2486 Victorinus
987 2454 1092 2496 atque
1118 2463 1210 2496 pars
1242 2451 1416 2486 exercitus
1445 2450 1628 2486 interisset
1655 2450 1807 2485 redeam-
1852 2450 1858 2477 ‘T

221 2508 309 2543 dum
344 2519 417 2542 esse
453 2508 622 2542 censebat.
679 2507 828 2542 Marcus
863 2511 984 2543 autem
1020 2528 1065 2533 ——
1101 2509 1318 2544 instandum
1357 2519 1430 2543 esse
1465 2508 1614 2543 ducebat
1629 2533 1638 2541 .
1654 2506 1808 2551 denique

218 2565 442 2600 transcensis
471 2564 625 2609 Alpibus
654 2564 797 2608 lonyius
822 2568 1075 2608 processerunt
1105 2569 1449 2610 composueruntque
1481 2565 1611 2600 omnia
1639 2575 1730 2609 quae
1757 2564 1809 2599 ad

219 2622 413 2657 munimen
442 2620 571 2656 Italiae
603 2623 708 2665 atque
742 2620 886 2665 Illyrici
921 2621 1152 2665 pertinebant
1173 2621 1338 2666 .placuit
1367 2625 1487 2656 autem
1516 2624 1663 2666 umente
1690 2619 1806 2656 laceio
1846 2648 1851 2654 .

218 2683 258 2714 ut
276 2679 497 2724 praemissis
520 2679 569 2713 ad
591 2681 758 2713 senatum
782 2677 912 2713 litteris
935 2677 1074 2713 Lucius
1097 2678 1253 2712 Romam
1277 2677 1419 2712 rediret.
1450 2697 1498 2703 —-
1519 2681 1714 2722 postquam
1735 2677 1807 2713 iter

220 2736 382 2781 inyressi
402 2739 499 2780 sunt,
523 2737 648 2770 sedens
673 2747 756 2770 cum
779 2735 895 2779 fratre
917 2735 961 2769 in
976 2735 1135 2770 vehiculo
1152 2734 1290 2770 Dacius
1312 2734 1479 2779 apoplexi
1499 2737 1668 2780 arreptus
1679 2733 1805 2779 periit.
1842 2739 1844 2742 '

219 2796 271 2828 Ex
295 2796 363 2828 hac
388 2796 593 2828 narratione
618 2796 779 2837 apparet,
805 2794 900 2827 Furii
918 2794 1098 2827 Victorini
1114 2794 1254 2827 cladem
1279 2795 1315 2825 et
1339 2802 1463 2826 necem
1482 2793 1657 2827 accidisse
1682 2793 1804 2836 paullo
1842 2783 1843 2787 ¹

221 2854 304 2894 post
328 2853 364 2885 L.
383 2853 467 2885 Veri
492 2862 536 2885 ex
562 2854 700 2885 oriente
730 2852 884 2885 reditum
911 2853 948 2884 et
971 2852 1200 2893 triumphum
1221 2852 1368 2892 (aestate
1393 2851 1475 2883 anni
1502 2854 1566 2884 466
1593 2860 1626 2893 p.
1644 2850 1726 2884 Chr.
1745 2850 1804 2892 m),
1843 2846 1847 2848 ’

220 2910 262 2942 cf.
291 2920 324 2943 v.
350 2910 497 2943 Rohden
522 2912 558 2942 et
587 2911 683 2943 Stein
714 2919 770 2951 ap.
796 2909 1109 2951 Pauly-Wissowa
1137 2908 1486 2950 Realencyklopadie
1510 2909 1565 2950 111,
1584 2911 1604 2940 2
1637 2917 1671 2950 p.
1690 2907 1804 2949 4848),
1838 2943 1839 2947 Ἰ
