1858 3126
208 142 293 183 642

205 277 303 325 γόνυ·
329 277 432 324 μέχρι
454 276 607 324 γονάτων
634 277 710 320 199,
729 284 746 311 9

206 334 359 382 γράμμα,
388 334 575 381 γράμματα
598 334 756 379 passim.
812 333 868 368 ἐπὶ
905 338 967 380 τῆς

252 390 414 437 εὐθηνίας
430 394 491 425 τοῦ
513 382 544 436 β’
558 390 759 437 γράμματος
784 393 889 436 (parra
903 402 967 426 ur-

252 446 309 483 bis
323 447 579 491 Almandreae)
604 449 683 492 705,
699 456 728 482 5.
771 447 843 494 ἱερὰ
858 447 967 495 γράμ-

253 508 343 551 ματα
380 503 596 552 (Αἰγυπτίων)
634 506 689 549 56,
719 512 772 539 36.
809 506 887 549 665,
912 511 965 539 21.

254 562 358 608 ἱεροῖς
381 561 574 609 γράμμασιν
605 561 663 596 καὶ
688 559 886 608 Αἰγυπτίοις
908 562 967 596 καὶ
1000 552 1004 609 Ι

254 615 468 665 Ἑλληνικοῖς
501 620 556 662 56,
575 626 628 653 74.
680 622 753 657 τοῖς
787 631 824 653 τε
862 618 967 665 ἱεροῖς

251 676 310 711 ’καὶ
333 676 512 724 ἐγχωρίοις
535 675 594 710 καὶ
614 672 835 721 Ἑλληνικοῖς
859 675 967 723 γράμ-

254 745 354 779 μασιν
379 734 434 777 90,
454 740 494 767 54

204 789 437 838 γραμματεία·
473 789 530 824 ἐπὶ
559 794 621 835 τῆς
653 789 741 824 κατὰ
775 789 838 836 τὴν
863 794 966 836 νῆσον

251 846 485 894 γραμματείοις
514 852 581 880 τῶν
612 846 758 886 πεζικῶν
790 845 850 881 καὶ
875 845 967 880 ἱππι-

252 909 324 939 κῶν
350 904 526 950 δυνάμεων
554 905 630 948 155,
650 912 667 938 3

205 961 440 1008 γραμματεύς·
479 962 509 996 1.
542 960 717 997 civitatis:
749 960 968 1008 γραμματεὺς

252 1022 313 1052 τοῦ
332 1019 442 1065 δήμου
467 1019 584 1062 319,3.
627 1017 662 1052 ἐν
679 1015 800 1064 Αἰγίνῃ
824 1018 967 1060 329,45.

252 1075 473 1121 γραμματεὺς
494 1075 583 1110 κατὰ
599 1074 800 1121 πρυτανείαν
818 1075 853 1109 ἐν
869 1070 968 1120 Ἀθή-

252 1144 325 1170 ναις
344 1133 482 1176 117,18.
511 1133 651 1176 118,21.
676 1133 798 1176 771,3.
831 1131 968 1179 (ἐγραμ-

253 1188 408 1235 μάτευεν)
424 1191 564 1234 771,41.
600 1188 820 1236 γραμματεὺς
831 1192 892 1223 τοῦ
907 1188 968 1234 δή-

254 1259 320 1292 μου
339 1243 598 1294 (τοῦἘφεσίων)
612 1247 816 1291 493,1ο.11.
836 1252 892 1281 28.
913 1253 966 1280 34.

251 1303 552 1350 γραμματεύοντος
577 1304 624 1347 (ἐν
638 1300 788 1350 Ἐφέσῳ)
814 1305 893 1347 480,
913 1311 966 1338 11.

253 1362 374 1405 481,7.
400 1362 543 1405 510,11.
582 1359 888 1407 γραμματεύσαντα
903 1363 967 1407 τῆς

253 1418 388 1456 πόλεως
446 1420 517 1464 (τῆς
564 1415 770 1464 Μαγνήτων)
825 1418 904 1461 485,
933 1425 966 1451 4.

252 1475 473 1522 γραμματεὺς
489 1479 551 1521 τῆς
569 1474 703 1513 πόλεως
724 1477 795 1521 (τῆς
813 1473 966 1520 Παφίων)

256 1533 334 1576 166,
355 1541 384 1567 5.
423 1532 641 1579 γραμματεὺς
659 1536 722 1578 τῆς
739 1530 880 1578 Παφίων
905 1532 967 1566 πό-

253 1589 341 1628 λεως
361 1590 437 1633 172,
448 1597 477 1623 5.
514 1589 732 1636 γραμματεύς
752 1587 966 1632 (Μυλασέων)

254 1648 333 1691 515,
352 1653 406 1680 43.
447 1646 665 1694 γραμματεὺς
684 1645 810 1692 βουλῆς
832 1645 891 1680 καὶ
907 1645 968 1691 δή·

256 1717 321 1749 μου
339 1702 601 1751 (Παλμυρηνῶν)
623 1704 701 1748 629,
722 1711 752 1738 5.
793 1703 843 1741 δὶς
859 1715 968 1749 γραμ-

255 1761 470 1807 ματεύσαντα
493 1765 555 1807 τῆς
589 1760 716 1807 βουλῆς
740 1761 799 1795 καὶ
822 1763 883 1794 τοῦ
909 1760 969 1805 δή·

257 1830 322 1864 μου
353 1818 399 1861 (ἐν
425 1816 550 1864 Πάφῳ)
576 1819 654 1862 166,
673 1824 703 1852 2.
749 1817 968 1864 γραμματεὺς

254 1879 318 1920 τῆς
352 1874 480 1922 βουλῆς
509 1874 568 1909 καὶ
598 1880 662 1921 τῆς
699 1873 883 1921 ἐκκλησίας
919 1873 968 1917 (ἐν

254 1930 437 1979 Ἀντιοχείᾳ
482 1936 543 1977 τῆς
591 1930 767 1977 Περσίδος)
825 1932 903 1975 233,
937 1939 967 1965 8.

256 1987 418 2034 Σκηψίων
450 1990 482 2032 6,
503 1996 556 2022 41.
576 1995 628 2022 42.
668 1987 968 2036 γραμματεύοντος

257 2047 325 2087 (τοῦ
370 2049 487 2079 κοινοῦ
532 2049 595 2090 τῆς
634 2042 752 2087 Ἀσίας)
800 2046 878 2086 458,
911 2053 966 2080 42.

256 2103 288 2136 2.
312 2101 454 2146 eolleyii
475 2104 540 2136 azot
554 2101 795 2146 magistratus
808 2102 967 2147 publici:

254 2159 310 2193 τὸν
335 2158 537 2206 γραμματέα
560 2163 622 2204 τῆς
652 2157 778 2203 βουλῆς
809 2159 854 2202 (ἐν
880 2158 969 2204 Πτο-

255 2215 395 2261 λεμαΐδι
418 2219 481 2261 τῆς
507 2213 689 2260 Θηβαΐδος)
715 2216 839 2259 49,16.
882 2216 899 2251 ὁ
924 2216 969 2263 τῇ

257 2271 366 2318 βουλῇ
377 2270 627 2318 γραμματεύων
653 2272 731 2315 728,
744 2279 774 2306 3.
809 2285 967 2319 γραμμα-

254 2328 411 2367 τεύοντος
451 2327 577 2375 βουλᾶς
622 2326 785 2374 (Δελφῶν)
828 2331 906 2372 345,
935 2337 966 2364 4.

216 2411 222 2415 -
255 2385 554 2432 γραμματεύοντος
601 2389 675 2424 τοῖς
730 2386 968 2432 ἱερομνάμοσιν

257 2444 335 2486 234,
360 2450 392 2477 9.
446 2442 663 2488 γραμματεὺς
698 2448 766 2476 τῶν
801 2442 967 2489 γερόντων

257 2500 313 2534 διὰ
353 2498 427 2544 βίου
469 2499 516 2542 (ἐν
557 2498 764 2545 Δορυλαείῳ)
805 2499 884 2542 479,
917 2505 968 2533 12.

256 2556 475 2603 γραμματεὺς
521 2561 761 2603 χρηματιστῶν
813 2557 888 2599 106,
916 2563 968 2590 14.

258 2615 291 2649 3.
302 2612 521 2649 sodalitatis:
540 2613 597 2647 τὸν
610 2612 813 2659 γραμματέα
824 2616 884 2646 τοῦ
896 2625 969 2647 ’κοι-

255 2675 316 2706 νοῦ
342 2673 420 2714 (τῶν
445 2671 522 2718 περὶ
545 2670 602 2704 τὸν
619 2668 780 2704 Διόνυσον
796 2672 968 2717 τεχνιτῶν)

258 2731 313 2772 51,
334 2735 387 2762 23.
436 2729 469 2762 4.
492 2725 671 2762 militwm:
706 2727 724 2761 ὁ
749 2726 969 2773 γραμματεὺς

256 2791 323 2820 τῶν
349 2804 392 2810 -
418 2789 631 2829 στρατιωτῶν
665 2785 741 2827 102,
762 2791 814 2819 11.
861 2796 969 2831 γραμ-

260 2841 386 2888 ματεὺς
409 2847 476 2876 τῶν
495 2841 672 2886 δυνάμεων
700 2842 775 2885 154,
791 2848 821 2875 2.
860 2853 968 2887 γραμ-

259 2899 385 2945 ματεὺς
408 2904 475 2934 τῶν
500 2898 669 2933 κατοίκων
689 2898 818 2933 ἱππέων
846 2898 920 2942 128,
936 2905 967 2932 4.

924 139 1075 174 Indices.

1083 279 1298 323 γραμματεῖς
1325 281 1394 312 τῶν
1422 277 1604 324 ταγμάτων
1635 278 1712 322 229,
1738 284 1794 312 46.

1085 341 1139 367 47.
1153 340 1209 368 48.
1248 335 1281 368 5.
1302 333 1474 381 βασιλικὸς
1489 334 1707 382 γραμματεὺς
1724 336 1794 379 (τοῦ

1083 392 1202 435 νομοῦ)
1225 401 1260 425 v.
1287 390 1472 436 βασιλικός.
1513 393 1546 427 6.
1571 392 1604 427 οἱ
1625 395 1686 427 τοῦ
1704 393 1794 440 ἱεροῦ

1083 451 1295 495 γραμματεῖς
1347 449 1402 492 56,
1444 456 1499 483 74.
1576 449 1795 496 γραμματεύς

1084 505 1163 548 661,
1185 511 1237 539 17.
1260 523 1304 530 —
1331 504 1550 553 γραμματεύς
1567 507 1684 551 732,5.
1723 518 1795 542 κοι-

1083 562 1140 599 νὸς
1157 562 1379 609 γραμματεύς
1403 564 1544 607 736,28.
1584 567 1796 610 γραμματεῖς

1084 619 1226 662 486,22.
1252 620 1394 664 530,11.
1431 620 1471 654 τὸ
1493 620 1606 655 ἰιοινὸν
1623 626 1690 656 τῶν
1706 621 1797 656 ’κατὰ

1084 673 1224 721 Κύπρον
1248 675 1478 723 γραμματέων
1505 677 1581 722 161,
1600 685 1630 712 4.
1651 685 1668 712 5

1036 732 1285 779 γραμματεύων
1313 734 1390 778 177,
1409 742 1426 768 5

1037 790 1257 836 γραμματική
1267 800 1275 808 ·
1299 790 1388 825 κατὰ
1403 790 1446 824 τὰ
1458 790 1609 837 ἐπίσημα
1623 797 1686 840 τῆς
1704 791 1796 838 ἱερᾶς

1083 851 1324 894 γραμματικῆς
1349 848 1404 892 56,
1424 855 1463 882 64

1037 903 1404 951 γραμματοφυλάκιον·
1448 905 1483 940 έν
1515 909 1589 944 τοῖς
1620 905 1796 952 δημοσίοις

1082 960 1443 1008 γραμματοφυλακίοις
1466 962 1545 1007 669,
1563 970 1603 998 23

1037 1017 1331 1064 γραμματοφύλαξ
1352 1023 1415 1066 τῆς
1432 1018 1560 1066 βουλῆς
1582 1019 1642 1054 καὶ
1657 1023 1719 1054 τοῦ
1736 1019 1797 1066 δή·

1086 1086 1150 1120 μου
1177 1073 1224 1118 (ἐν
1250 1072 1402 1123 Σμύρνῃ)
1426 1076 1505 1120 229,
1524 1083 1578 1111 51.
1597 1083 1639 1112 85
1694 1084 1697 1085 ’

1038 1131 1203 1178 γραπτός·
1228 1131 1330 1167 εἰκὼν
1355 1133 1488 1180 γραπτὴ
1515 1133 1570 1177 51,
1588 1140 1642 1168 22.
1667 1134 1746 1178 565,
1765 1140 1797 1168 3.

1087 1189 1164 1232 571,
1183 1196 1200 1222 4

1038 1245 1170 1293 γραφή·
1198 1247 1227 1280 1.
1252 1245 1449 1292 sonfflura,
1472 1245 1626 1283 litterae:
1651 1247 1796 1292 736‚19.

1084 1303 1143 1337 καὶ
1164 1303 1226 1349 τὴν
1253 1304 1344 1350 ὠνὴν
1369 1303 1562 1350 ἀναγράψαι
1586 1303 1633 1343 εἰς
1656 1303 1716 1343 τὰς
1737 1304 1797 1350 βα-

1085 1359 1217 1398 σιλικὰς
1246 1360 1377 1408 γραφάς
1412 1361 1492 1407 225,
1515 1367 1570 1396 23.
1629 1361 1662 1395 2.
1691 1372 1799 1398 ασσυ-
1830 1379 1832 1381 -

1084 1417 1194 1453 satio:
1253 1417 1326 1456 ταὶς
1381 1418 1526 1464 γράφαις
1577 1418 1799 1464 εἰσκομίζοισι

1085 1474 1133 1512 εἰς
1160 1474 1220 1508 τὰν
1247 1473 1410 1520 ἐκλησίαν
1441 1475 1473 1518 8,
1492 1481 1568 1510 125.
1622 1476 1653 1509 3.
1678 1474 1797 1520 inda,

1085 1531 1292 1567 laterculus:
1338 1531 1401 1578 τὴν
1440 1531 1690 1577 κατακειμένην
1732 1531 1798 1567 ὑπὸ

1083 1592 1144 1623 τοῦ
1189 1585 1363 1634 Ἀνικήτου
1409 1589 1445 1623 ἐν
1491 1588 1541 1634 τῷ
1592 1588 1672 1635 ἱερῷ
1716 1601 1797 1635 γρα-

1086 1647 1154 1692 φὴν
1189 1649 1251 1680 τοῦ
1285 1642 1357 1680 κατ’
1383 1644 1491 1691 ἄνδρα
1521 1646 1597 1689 179,
1617 1651 1671 1680 21.
1727 1651 1796 1680 τῶν

1087 1703 1124 1737 δὲ
1158 1702 1422 1749 ἀφεσταλμένων
1462 1702 1700 1749 χρυσωμάτων
1739 1702 1798 1738 ’καὶ
1817 1700 1824 1709 ”

1085 1759 1339 1807 ἀργυρωμάτων
1379 1759 1428 1797 εἰς
1467 1759 1505 1793 τὸ
1546 1759 1635 1804 ἱερὸν
1674 1758 1798 1806 ὑπογέ-

1085 1830 1199 1864 γραφα
1237 1816 1317 1862 ὑμῖν
1356 1816 1419 1862 τὴν
1462 1816 1596 1862 γραφήν
1638 1817 1717 1860 214,
1742 1823 1823 1863 27.μ

1084 1875 1199 1922 γραφὴ
1223 1873 1462 1921 χρυσωμάτων
1487 1879 1556 1908 τῶν
1580 1871 1798 1918 ἀφεσταλμέ-

1084 1944 1151 1966 νων
1177 1931 1255 1974 214,
1275 1939 1327 1966 3ο.
1367 1936 1436 1965 τῶν
1451 1949 1499 1955 -
1513 1929 1629 1964 ἄλλων
1647 1928 1795 1974 οἰκητῶν

1084 1988 1147 2033 τὴν
1185 1988 1318 2033 γραφήν
1360 1987 1438 2031 229,
1473 1994 1525 2021 47.
1565 1993 1619 2020 48.
1653 1993 1707 2020 49.
1743 1993 1795 2021 50.

1083 2045 1146 2090 τὴν
1194 2044 1328 2090 γραφήν
1378 2045 1456 2087 (τῶν
1501 2043 1668 2089 φρεάτων)

1089 2108 1162 2135 193.
1183 2107 1245 2134 215

1036 2158 1157 2204 γράφω
1177 2156 1324 2202 passim

1038 2214 1301 2262 γυμνασιαρχὲω
1326 2217 1372 2258 (v.
1397 2215 1508 2248 etiam
1532 2223 1560 2248 s.
1577 2224 1612 2248 v.
1637 2212 1798 2259 γυμνασί-

1086 2274 1199 2318 αρχος)
1232 2277 1492 2319 γυμνασιαρχῶν
1522 2271 1600 2314 346,
1615 2278 1646 2305 5.
1677 2271 1755 2315 366,
1765 2277 1799 2305 3.

1085 2332 1422 2376 γυμνασιαρχοῦντος
1439 2329 1517 2372 343,
1529 2336 1558 2362 5.
1590 2327 1803 2373 γυμνασιαρ-1

1087 2618 1271 2661 σιαρχῆσαι
1301 2614 1379 2656 339,
1399 2620 1452 2647 54.
1498 2618 1566 2646 τῶν
1595 2616 1784 2658 γεγυμνασι’

1087 2670 1290 2718 αρχτριότων
1322 2670 1399 2713 164,
1419 2677 1448 2703 3.
1494 2669 1669 2715 προγόνων
1699 2682 1719 2715 γ
1787 2680 1791 2703 ;

1087 2726 1391 2773 μνασιαρχηπιότων
1418 2727 1495 2769 713,
1517 2733 1555 2759 10

1039 2783 1302 2831 γυμνασιαρχία·
1326 2782 1510 2820 τετελεκὼς
1534 2783 1571 2816 δὲ
1593 2782 1652 2817 καὶ
1667 2794 1737 2828 γυμ

1085 2841 1240 2888 σιαρχίας
1255 2840 1363 2878 πάσας
1381 2841 1460 2883 494,
1472 2846 1524 2875 2ο.
1558 2840 1592 2874 ἐν
1609 2841 1651 2886 τῇ
1667 2850 1787 2885 γυμνά,

1085 2897 1223 2945 σιαρχίᾳ
1247 2898 1324 2941 764,
1344 2904 1384 2932 26
1404 2920 1412 2924 -
1790 2901 1796 2903 ’

1716 2043 1796 2086 483,
1814 2049 1815 2086 j
