1858 3126
243 192 326 232 498
886 189 944 221 IX.
979 188 1179 231 Appendix.
1697 188 1825 231 [7⁵⁶—

312 339 331 371 5
351 323 581 384 εΥψίοτου3,
612 324 626 381 ΙΙ
656 328 676 368 ὁ
709 327 846 374 στόλος
876 329 953 368 τῶν
986 325 1330 382 σωληνοΙκεντῶν4
1358 324 1424 368 τὸν
1461 324 1562 368 ἰ’ὃιον
1603 324 1825 384 εῧΙεργέτην

361 394 430 438 διὰ
461 395 635 438 πάντων.

336 534 353 561 3
386 530 434 563 Cf.
462 540 494 562 n.
515 530 614 562 755².
734 530 749 560 4
783 530 832 561 De
858 528 1134 571 conchyliorum
1159 537 1298 570 genere,
1323 528 1423 570 quod
1447 526 1611 573 σωλήνων
1635 528 1782 561 nomine
1805 538 1827 561 a

243 588 387 620 Graecis
415 587 695 629 significabatur,
725 586 944 628 Wiegandus
975 587 1153 628 provocat
1177 586 1222 618 ad
1246 586 1470 619 Athenaeum
1495 586 1552 628 111,
1570 588 1612 618 85
1626 585 1660 628 d,
1693 584 1758 618 ubi
1789 586 1824 618 in

243 645 451 687 Epicharmi
469 654 579 678 versu
596 646 651 677 est
667 642 746 681 τούς
763 655 798 676 τε
817 642 1114 690 μακρογογγύλους
1132 641 1300 687 σωλῆνας,
1325 644 1361 676 et
1375 646 1416 676 90
1428 642 1467 676 d:
1493 641 1525 676 οἱ
1542 641 1579 676 δὲ
1595 640 1746 688 σωλῆνες
1763 642 1825 685 μὲν

242 702 326 746 πρός
343 714 441 735 τινων
459 700 678 747 καλούμενοι,
703 700 786 746 πρός
802 712 902 734 τινων
920 700 957 734 δὲ
975 699 1073 734 αὐλοὶ
1096 700 1153 734 καὶ
1176 699 1316 737 δόνακες
1340 699 1399 734 καὶ
1421 698 1541 748 ὄνυχες
1557 698 1747 746 πολύχυλοι
1769 699 1827 734 καὶ

241 758 441 805 κακόχυλοι,
467 758 664 796 κολλώδεις.
713 759 781 797 Qui
806 767 867 792 eos
893 759 1095 802 captabant,
1123 756 1327 804 σωληνισταί
1352 758 1410 791 vel
1435 755 1675 804 σωληνοθῆραι
1705 758 1826 800 appel-

242 817 418 850 labantur.
468 817 516 849 Cf.
542 818 621 849 Ath.
641 817 696 859 111,
717 820 756 848 90
773 826 808 849 e:
842 814 1045 861 σωληνισταὶ
1075 812 1102 848 δ’
1122 814 1307 849 ἐκαλοῦντο
1342 814 1374 848 οἱ
1399 814 1597 862 συνάγοντες
1629 814 1672 849 τὰ
1703 813 1824 860 ὄστρεα

241 877 358 915 ταῦτα,
384 875 431 910 ὡς
458 873 582 920 ἱστορεῖ
598 871 737 911 Φαινίας
763 873 780 907 ὁ
799 870 950 917 Ἐρέσιος
975 873 1009 907 ἐν
1034 873 1083 919 τῷ
1100 872 1361 919 ἐπιγραφομένῳ
1387 871 1570 917 Τυράννων
1595 871 1761 917 ἀναίρεσις
1787 872 1826 906 ἐκ

241 930 405 976 τιμωρίας
429 930 568 976 γράφων
594 929 720 968 οὕτως·
747 929 930 969 Φιλόξενος
955 930 973 964 ὁ
997 930 1210 975 καλούμενος
1236 929 1449 976 σωληνιστὴς
1474 929 1514 963 ἐκ
1539 929 1746 976 δημαγωγοῦ
1770 927 1826 963 τύ-

243 999 361 1032 ραννος
384 987 547 1034 ἀνεφάνη,
579 987 646 1026 ζῶν
669 988 706 1020 τὸ
735 987 795 1031 μὲν
822 986 856 1026 ἐξ
882 987 991 1035 ἀρχῆς
1015 987 1236 1032 ἁλιευόμενος
1260 987 1319 1021 καὶ
1345 986 1590 1033 σωληνοθήρας
1615 988 1673 1022 ὤν.
1722 987 1827 1027 Quod

241 1046 300 1078 hic
324 1046 570 1087 compositum
596 1054 727 1078 nomen
752 1047 962 1087 usurpetur,
988 1047 1092 1078 cuius
1118 1046 1229 1078 altera
1254 1054 1338 1087 pars
1356 1045 1549 1078 descendat
1573 1055 1593 1078 a
1614 1045 1727 1078 verbo
1750 1055 1826 1078 κεν-

240 1106 323 1146 τεῖν,
356 1103 392 1135 id
418 1103 461 1136 ad
487 1102 788 1135 consuetudinem
815 1102 983 1135 animalia
1007 1103 1204 1135 tridentum
1231 1111 1299 1145 ope
1324 1112 1343 1135 a
1368 1103 1465 1136 saxis
1489 1102 1624 1145 quibus
1654 1102 1825 1136 adhaere-

242 1163 323 1194 rent
354 1161 541 1202 avellendi,
575 1169 686 1202 quam
721 1160 929 1192 etiamnunc
959 1160 995 1191 in
1028 1160 1197 1192 omnibus
1236 1160 1384 1193 orientis
1415 1160 1598 1203 portubus
1629 1159 1826 1193 observare

242 1220 357 1261 liceat,
394 1219 503 1251 refert
535 1217 721 1258 Wiegand.
771 1217 870 1249 Idem
907 1225 994 1249 vero
1035 1219 1206 1258 capturae
1246 1226 1358 1259 genus
1398 1218 1434 1250 ni
1469 1218 1574 1260 plane
1614 1217 1718 1251 fallor
1752 1218 1825 1250 iam

243 1276 456 1309 Aristoteles
482 1276 596 1316 tangit
621 1275 708 1307 Hist.
733 1275 841 1307 anim.
864 1273 921 1316 IV,
949 1277 966 1305 8
995 1282 1029 1315 p.
1049 1276 1113 1305 535
1128 1283 1158 1315 a,
1179 1276 1238 1306 44:
1270 1273 1409 1307 δοκοῦσι
1438 1270 1462 1307 δ’
1484 1272 1517 1308 οἵ
1539 1286 1576 1307 τε
1606 1273 1758 1320 σωλῆνες
1784 1271 1825 1308 ἄν

235 1344 292 1370 ,τις
323 1332 463 1379 ψοφησῃ
503 1329 743 1372 καταδύεσθαι,
781 1329 839 1363 καὶ
875 1327 1008 1374 φεύγειν
1044 1328 1227 1374 κατωτέρω
1264 1328 1344 1364 ὅταν
1381 1329 1568 1365 αἴσθωνται
1599 1331 1638 1365 τὸ
1672 1329 1824 1376 σιδήρεον

243 1389 390 1436 προσιόν.

331 1577 413 1620 757
456 1580 586 1630 Abydi
606 1579 778 1630 Aegypti
810 1579 850 1616 in
875 1579 973 1617 cella
998 1578 1108 1617 Hori.
1162 1577 1232 1616 Ed.
1265 1577 1310 1616 A.
1329 1577 1378 1616 Η.
1397 1577 1525 1629 Sayce
1556 1578 1822 1630 Proceedings

245 1651 291 1689 of
315 1650 386 1689 the
418 1650 569 1700 society
600 1648 646 1687 of
671 1648 830 1687 biblical
861 1647 1131 1699 archaeology
1161 1647 1196 1685 X
1231 1646 1339 1685 4888
1370 1659 1410 1698 p.
1434 1646 1529 1685 380.

360 1761 448 1804 Τῶν
490 1760 705 1803 Γαλατῶν1
742 1759 848 1806 Θόας
879 1758 1208 1815 Kamisa-epam&
1242 1756 1337 1814 [καὶ]
1370 1757 1375 1814 Ι
1402 1755 1601 1800 Ἀκάννων
1625 1755 1823 1800 Ἀπολλώ-

359 1847 440 1877 νιος
471 1831 597 1885 ἦλθον
629 1828 803 1884 ἐν[θάδε]
838 1828 842 1884 Ι
875 1827 946 1870 καὶ
977 1828 1168 1869 ἀλώπεκα
1199 1827 1341 1883 ἔλαβον
1373 1825 1534 1869 ἐνθάδε.

341 1967 352 1996 i
389 1964 573 1996 Articulus
603 1963 720 2004 docet,
752 1971 824 1994 non
857 1961 902 1994 ab
933 1961 1071 2003 aliquot
1099 1959 1307 1992 hominibus
1339 1959 1483 2001 Galatis,
1520 1959 1583 2001 qui
1617 1959 1822 2000 singillatim

246 2022 367 2054 nescio
394 2030 467 2062 quo
488 2029 576 2052 casu
599 2020 685 2052 illuc
701 2019 809 2051 delati
827 2020 957 2060 essent,
983 2019 1071 2050 haec
1095 2017 1274 2058 insculpta
1290 2024 1380 2058 esse,
1405 2016 1469 2049 sed
1493 2024 1556 2049 eos
1579 2017 1743 2058 corporis
1765 2016 1823 2049 vel

246 2079 387 2110 numeri
420 2078 585 2109 militaris
616 2076 765 2109 Galatici
803 2077 882 2107 tum
914 2075 1091 2117 temporis
1127 2075 1164 2107 in
1194 2074 1358 2115 Aegypto
1396 2072 1575 2106 tendentis
1605 2072 1727 2106 fuisse.
1774 2073 1824 2105 Ac

245 2131 395 2171 Saycius
419 2128 566 2170 quidem
592 2127 788 2160 admodum
815 2126 1051 2168 probabiliter
1076 2126 1119 2158 de
1143 2126 1213 2158 illis
1237 2126 1354 2167 copiis
1379 2124 1584 2158 Galatarum
1616 2133 1837 2165 mercennar

246 2188 383 2220 riorum
401 2186 544 2227 cogitat,
571 2193 661 2226 quas
678 2184 851 2225 Dionysio
869 2184 1004 2216 Thrace
1029 2183 1120 2215 duce
1138 2183 1364 2215 Ptolemaeus
1380 2182 1426 2214 IV
1446 2182 1653 2225 Philopator
1675 2183 1712 2215 in
1727 2182 1822 2215 bello

244 2245 372 2276 eontra
396 2242 612 2275 Antiochum
637 2241 683 2272 111
714 2241 882 2281 Magnum
907 2240 1074 2273 habuerit
1109 2249 1201 2273 anno
1234 2242 1298 2273 2⁴8
1329 2249 1358 2272 a.
1378 2239 1458 2272 Chr.
1482 2249 1516 2273 n.
1565 2239 1614 2273 Cf.
1650 2239 1834 2282 Polybius.

245 2301 286 2343 V,
306 2304 360 2342 65,
379 2302 436 2332 ⁴0:
475 2296 630 2343 συνήχθη
657 2296 694 2330 δὲ
718 2296 775 2330 καὶ
799 2295 941 2341 Θρᾳκῶν
966 2296 1024 2330 καὶ
1049 2294 1210 2330 Γαλατῶν
1235 2295 1381 2341 πλῆθος,
1413 2296 1452 2330 ἐκ
1477 2296 1539 2340 μὲν
1561 2301 1628 2331 τῶν
1651 2286 1842 2349 κατοίκωνέ,

244 2357 302 2390 καὶ
325 2361 393 2389 τῶν
421 2354 583 2401 ἐπιγόνων
609 2354 657 2391 εἰς
682 2353 977 2399 τετρακισχιλίους,
1010 2353 1042 2387 οἱ
1066 2353 1104 2388 δὲ
1127 2353 1332 2399 προσφάτως
1357 2352 1642 2401 ἐπισυναχθέντες
1665 2353 1751 2400 ἦσαν
1775 2346 1838 2391 εἰς

245 2411 439 2460 δισχιλίους,
475 2412 522 2445 ὧν
556 2410 676 2456 ἡγεῖτο
714 2409 890 2448 Διονύσιος
928 2411 944 2444 ὁ
981 2409 1081 2457 Θρᾷξ.
1129 2413 1218 2445 Sane
1253 2412 1335 2445 illos
1371 2421 1441 2445 non
1476 2414 1555 2445 tum
1589 2412 1750 2454 primum
1784 2412 1831 2446 in

245 2471 450 2512 Aegyptum
474 2470 616 2502 venisse
639 2467 808 2501 κατοίκων
834 2470 869 2500 et
894 2467 1058 2513 ἐπιγόνων
1083 2469 1219 2502 mentio
1246 2469 1362 2502 docet.
1482 2472 1502 2501 2
1533 2470 1633 2502 Duos
1657 2469 1818 2514 homin-g
1844 2487 1845 2490 =

245 2536 324 2560 esse
349 2527 475 2560 statuit
499 2527 611 2568 Sayce
635 2526 730 2558 binis
755 2525 962 2558 nominibus
988 2526 1038 2558 ita
1061 2534 1159 2568 usos,
1184 2528 1225 2558 ut
1249 2527 1370 2568 priore
1394 2527 1472 2559 loco
1498 2527 1684 2569 Gallicum,
1708 2526 1778 2559 alte
1805 2530 1853 2563 «τῃ

246 2586 422 2618 Graecum
444 2585 630 2625 ponerent.
671 2583 717 2615 At
740 2583 809 2615 hoc
833 2582 980 2624 quidem
997 2583 1033 2614 in
1049 2583 1241 2615 Acannona
1266 2583 1375 2616 modo
1394 2584 1499 2627 cadit,
1524 2593 1608 2617 nam
1632 2580 1722 2620 Θόας
1745 2591 1809 2617 no

247 2642 365 2674 minus
390 2641 565 2673 Graecum
590 2642 655 2682 est,
687 2649 797 2681 quam
833 2635 1098 2683 Καλλίστρατος.
1144 2639 1311 2672 Ceterum
1342 2641 1372 2672 si
1402 2649 1442 2673 re
1465 2649 1552 2673 vera
1582 2641 1666 2683 post
1690 2636 1845 2674 Kane.-

246 2710 384 2745 στρατος
410 2700 483 2730 tres
506 2698 646 2730 litterae
670 2696 939 2738 interciderunt,
973 2696 1091 2738 Saycii
1123 2697 1370 2738 interpretatio
1397 2696 1584 2738 probanda
1608 2699 1674 2740 est,
1703 2706 1762 2730 nm
1783 2710 1788 2725 ι
1838 2714 1849 2721 ·»

246 2756 436 2788 offensioni
467 2763 547 2787 esse
571 2754 678 2787 debet
708 2754 743 2786 in
774 2753 954 2786 eiusmodi
984 2753 1089 2786 titulo
1122 2753 1278 2786 formula
1308 2751 1326 2786 ὁ
1349 2751 1407 2786 καί
1439 2754 1584 2787 omissa.
1632 2755 1668 2787 Si
1691 2754 1770 2787 dei
1810 2759 1858 2788 ‚f

246 2822 283 2845 re
319 2812 435 2845 editor
470 2812 614 2854 erravit,
651 2820 735 2844 sane
771 2811 884 2843 multo
921 2811 1121 2852 proclivius
1150 2811 1205 2843 est
1241 2812 1413 2852 quattuor
1442 2811 1609 2844 homines
1646 2800 1843 2844 Theanus

246 2870 499 2911 Callistratum,
524 2869 726 2911 Acannona,
751 2868 982 2910 Apollonium
1006 2867 1221 2909 intellegere.
