1858 3126
539 147 629 180 VIII.
665 146 734 180 Res
758 146 796 179 et
818 145 934 179 verba
958 145 1184 179 notabiliora.

114 287 175 327 τὰς
203 292 274 322 τῶν
296 283 477 333 Σεβαστῶν
507 285 651 332 χάριτας
683 283 826 328 ἐπανορ-

115 343 228 380 θῶσαι
250 344 329 387 669,
349 349 387 377 44

0 393 2 395 θ
69 402 204 440 καινός·
240 399 319 436 ὁδὸν
347 399 470 445 καινὴν
494 394 668 445 Ἁδριανήν
697 398 775 441 701,
794 405 825 432 8.

115 458 156 494 ἐκ
178 462 300 505 καινῆς
322 454 582 501 κατεσκευάσθη
608 455 686 498 702,
707 462 735 490 5.
776 454 827 489 ὅτι

114 514 229 550 uma
249 518 378 552 καινῶς
400 511 653 558 κατεκρίθησαν
678 512 756 555 669,
770 519 825 546 46.

116 572 151 607 εἴ
173 584 247 607 τινα
269 575 398 608 καινῶς
413 589 459 596 -
481 568 671 615 κατεκρίθη
695 569 822 607 669.49

67 628 282 677 καινουργία·
304 627 457 674 μηδεμιᾶ
473 627 574 672 σκαιᾷ
591 638 656 660 τινι
670 638 826 673 καινουρ-

114 685 172 733 γίᾳ
201 686 264 731 τὴν
287 685 390 731 τιμὴν
413 684 476 730 τὴν
507 687 580 721 τοῖς
612 681 708 722 θεοῖς
733 683 826 729 ὀφει-

114 742 266 789 λομένην
290 740 508 788 παραβαίνειν
533 741 612 783 569,
631 747 671 775 18

67 799 200 846 καιρός·
222 798 282 834 καὶ
303 801 363 833 νῦν
385 796 600 843 καθήκοντος
621 800 682 832 τοῦ
705 800 826 843 καιροῦ

115 858 194 901 771,
213 864 266 891 44.
303 854 383 894 τοὺς
405 853 635 903 τυγχάνοντας
650 854 738 888 κατὰ
753 865 827 887 και-

115 913 173 962 ρὸν
185 912 354 961 ἄρχοντας
364 912 423 947 καὶ
439 911 677 959 δεκαπρώτους
690 912 826 954 629,14.

113 970 157 1018 τῇ
189 970 332 1017 μεγίστῃ
360 974 428 1004 τῶν
460 971 519 1003 νῦν
554 973 683 1012 καιρῶν
717 967 827 1002 εὐδαι-

116 1026 219 1073 μονίᾳ
240 1027 319 1070 669,
335 1035 365 1062 5.
406 1026 440 1060 ἐν
464 1028 538 1063 τοῖς
556 1024 827 1069 μακαριωτάτοις

117 1082 212 1128 ὑμῶν
236 1086 368 1130 καιροῖς
393 1083 472 1126 519,
491 1089 522 1117 9.
570 1080 731 1127 ἀλλότρια
759 1086 827 1115 τῶν

117 1139 372 1188 εὐτυχεστάτων
441 1143 570 1185 καιρῶν
641 1138 828 1184 πάσχοντες

115 1198 194 1241 519,
230 1203 282 1232 12.
338 1195 516 1243 πάσχομεν
558 1193 722 1240 ἀλλότρια
759 1200 827 1228 τῶν

115 1253 288 1302 ὑμετέρων
369 1252 623 1299 μακαρωτάτων
699 1256 826 1298 καιρῶν

117 1312 194 1355 519,
222 1319 274 1346 17.
325 1311 375 1349 εἰς
407 1313 528 1345 τοῦτον
557 1309 616 1343 τὸν
647 1307 826 1355 ἱερώτατον

114 1368 233 1414 καιρόν
257 1368 336 1412 669,
355 1374 407 1403 10.
450 1367 485 1401 ἐν
501 1365 736 1411 κατεπείγουσι
751 1377 827 1399 και·

115 1429 189 1472 ροῖς
213 1425 290 1468 537,
311 1432 364 1460 10.
405 1423 441 1459 ὲν
473 1427 546 1462 τοῖς
568 1427 627 1458 νῦν
651 1425 827 1468 περιστᾶσι

113 1486 248 1530 καιροῖς
271 1482 349 1525 735,
371 1489 422 1516 10.
467 1480 604 1527 ἀγαγεῖν
638 1480 686 1518 είς
708 1479 827 1513 ἀνανέ-

116 1551 198 1574 ωσιν
229 1539 272 1574 τὸ.
301 1538 357 1573 διὰ
387 1537 466 1576 τοὺς
498 1538 635 1583 καιροὺς
665 1536 827 1584 ἐπεισχη-

11 1620 19 1634 .·
117 1595 204 1641 μένα
228 1597 306 1639 764,
326 1602 367 1629 25

6 1669 14 1690 ῑ
68 1652 268 1689 κακοπαθία
291 1653 370 1695 244,
391 1658 447 1696 12.
468 1652 546 1694 339,
566 1658 596 1685 4.
616 1656 656 1684 23

12 1700 25 1731 ³.
68 1709 304 1756 κακοτεχνέω·
322 1708 402 1743 οὐδὲ
418 1707 663 1755 κακοτεχνήσω
678 1707 754 1752 περὶ
769 1706 826 1741 τὸν

116 1766 218 1812 ὅρκον
241 1769 360 1801 τοῦτον
386 1765 464 1807 266,
482 1772 523 1799 45

12 1820 26 1855 Ῑ
69 1822 292 1870 κακοτεχνία·
323 1826 387 1868 τῆς
417 1821 444 1855 δ’
477 1821 582 1866 αὐτῆς
605 1820 827 1867 κακοτεχνίας

24 1872 27 1873 ⁷
117 1879 204 1914 ἐστὶν
233 1878 292 1913 καὶ
322 1877 346 1924 ἡ
378 1878 548 1925 λεγομένη
577 1878 665 1912 κατὰ
689 1877 827 1923 σύνοψιν

18 1973 23 1985 3
116 1935 296 1981 ἀπαίτησις
320 1935 399 1979 669,
419 1943 459 1970 55

10 1983 34 2010 '³⁵
70 1993 285 2039 κακουργέω·
311 1993 398 2027 ὥστε
423 1991 554 2038 μηδένα
573 1992 828 2038 κακουργοῦντα

115 2049 295 2084 λανθάνειν
326 2051 404 2093 521,
423 2057 454 2084 7.
501 2054 568 2083 τῶν
599 2047 828 2094 κακουργούν-

13 2131 18 2134 -
116 2119 184 2141 των
208 2107 284 2153 περὶ
306 2107 367 2145 τὰς
389 2106 519 2152 κρήνας
541 2106 622 2149 483,
642 2113 705 2140 185

70 2163 275 2210 κακουργία·
306 2163 439 2197 σαλεύει
469 2163 532 2209 γὰρ
567 2164 614 2200 ὡς
638 2161 780 2208 ἀληθῶς
803 2161 827 2206 ἠ

16 2224 25 2229 ”
118 2219 269 2266 σωτηρία
296 2225 359 2266 τῆς
389 2219 520 2257 πόλεως
556 2218 597 2253 ἐκ
625 2219 827 2266 κακουργίας

116 2277 175 2312 καὶ
197 2276 399 2324 πανουργίας
417 2276 538 2321 ὀλίγων
562 2280 662 2309 τινῶν
688 2278 765 2318 515,
785 2283 825 2310 48

10 2327 31 2377 [ss
71 2337 277 2380 κακοῦργος·
319 2329 398 2379 μηδ’
439 2332 528 2370 ὅλως
566 2332 830 2367 κατακλείεσθαί

18 2383 30 2386 Ἀ
117 2402 208 2428 τινας
240 2389 441 2436 ἐλευθέρους
471 2389 520 2427 εἰς
546 2388 702 2435 φυλακὴν
734 2388 827 2434 ἡντι-

17 2464 34 2483 ‘2
117 2450 208 2490 νοῦν,
233 2445 263 2480 εἰ
288 2447 336 2491 μὴ
360 2449 548 2492 κακοῦργον
573 2447 652 2489 669,
674 2454 710 2479 17

14 2500 43 2540 23.ss
71 2502 251 2538 καλάνδαι·
275 2502 452 2536 καλανδῶν
475 2499 651 2547 Ἀπριλίων
675 2503 754 2544 441,
775 2509 826 2536 19.

25 2551 40 2579 ’³'
119 2560 185 2605 πρὸ
209 2559 305 2594 ἐννέα
320 2559 498 2594 καλανδῶν
514 2556 730 2604 Ὀκτωβρίων
748 2558 826 2600 458,

121 2623 174 2650 23.
195 2624 247 2654 51.
268 2624 320 2650 55.
360 2617 422 2663 πρὸ
448 2616 543 2650 ἐννέα
566 2614 744 2649 καλανδῶν
763 2612 828 2648 Φε-

121 2671 308 2719 βρουαρίων
333 2673 410 2716 458,
430 2680 482 2707 74.
524 2672 587 2718 πρὸ
609 2674 687 2715 μιᾶς
703 2669 828 2704 καλαν-

121 2729 188 2763 δῶν
220 2727 438 2775 Δεκεμβρίων
464 2730 540 2772 506,
562 2736 613 2762 11.
660 2727 719 2760 καὶ
749 2723 824 2760 καθ’

121 2784 262 2820 ἕκαστον
293 2790 386 2832 μῆνα
416 2786 506 2834 ἀρχὴ
541 2785 632 2818 ἔσται
663 2787 724 2826 τῆς
753 2795 829 2816 νου-

122 2842 246 2888 μηνίας
299 2842 323 2888 ή
379 2843 444 2888 πρὸ
501 2841 598 2875 ἐννέα
650 2839 828 2873 καλανδῶν

121 2900 200 2942 458,
219 2906 273 2934 76.
317 2904 387 2933 τῶν
420 2897 678 2945 ἰντερκαλαρίων
706 2895 830 2929 καλαν-

1571 147 1652 187 671

943 282 1010 317 δῶν
1030 283 1171 327 458,76.
1212 283 1277 328 πρὸ
1295 278 1316 316 ι’
1328 281 1509 317 καλανδῶν
1523 280 1656 328 Αὐγού-

944 351 1030 373 στων
1056 340 1134 383 595,
1155 347 1194 374 19

895 395 1083 443 καλλιερέω
1094 406 1101 415 ·
1118 395 1345 442 καλλιερήσας
1358 397 1436 439 339,
1447 404 1499 431 65.
1519 397 1655 440 764,47.

941 453 1172 499 κρατηθέντος
1213 452 1278 487 ὑπὸ
1316 458 1385 488 τῶν
1425 454 1510 488 νέων
1550 453 1654 488 αὐτοῦ

944 513 1013 553 (τοῦ
1029 511 1137 556 κριοῦ)
1151 509 1211 544 καὶ
1221 509 1509 556 καλλιερηθέντος
1519 511 1655 554 764,28.

943 567 1216 614 παρασταθείσης
1249 566 1369 605 θυσίας
1391 568 1451 601 καὶ
1474 567 1656 614 καλλιερη-

943 624 1060 670 θείσης
1084 625 1162 668 332,
1183 631 1235 659 17.
1277 623 1478 669 μεταδιδοὺς
1503 623 1565 668 μὲν
1582 627 1656 662 τοῖς

941 681 1030 719 νέοις
1053 685 1122 715 τῶν
1146 680 1442 727 καλλιερουμένων
1459 677 1517 727 ὑφ’
1533 682 1656 716 ἑαυτοῦ

945 738 1041 785 ἱερῶν
1067 738 1145 781 339,
1165 746 1205 772 70

897 794 1108 833 καλλίνικος·
1139 798 1200 830 τοῦ
1223 794 1423 830 καλλινίκου
1449 794 1544 841 ἁγίου
1571 794 1657 839 μοίρ-

941 865 1043 898 τυρος
1067 851 1236 899 Γεωργίου
1261 853 1339 896 610,
1359 860 1374 886 7

896 909 1143 944 καλλιτεκνέω·
1182 909 1328 956 γνησίως
1361 907 1657 953 καλλιτεκνήσασα

945 967 1022 1010 308,
1042 974 1058 1001 0

897 1022 1137 1069 καλοκάγαθία
1162 1024 1239 1067 534,
1259 1031 1287 1057 5.
1314 1023 1392 1066 666,
1411 1029 1464 1056 20.
1491 1022 1571 1064 735,
1592 1028 1629 1055 14

897 1079 1076 1114 καλύπτω·
1102 1085 1175 1126 φῶς
1201 1079 1366 1126 σωτήριον
1391 1078 1544 1124 ἔλαμψεν
1570 1077 1655 1111 ὅπου

945 1136 1065 1175 σκότος
1091 1135 1279 1170 ἐκάλυπτεν
1299 1137 1377 1179 610,
1398 1142 1416 1168 2

898 1194 1069 1239 adp-aroc·
1100 1193 1141 1228 ἐκ
1169 1198 1237 1226 τῶν
1271 1191 1364 1226 ἰδίων
1397 1193 1514 1237 (ἐμῶν)
1543 1191 1656 1236 καμά-

943 1263 1011 1285 των
1037 1251 1114 1294 717,
1133 1258 1164 1284 7.
1186 1258 1224 1284 13

898 1307 1032 1354 καμῖρα
1057 1309 1135 1351 631,
1155 1315 1172 1342 6

897 1365 1106 1411 καμηλικός·
1124 1365 1231 1411 γόμος
1245 1363 1439 1410 καμηλικός
1455 1364 1654 1407 629,34.88.

943 1422 1044 1468 γόμοι
1067 1420 1256 1467 καμηλικοί
1279 1421 1357 1465 629,
1377 1429 1416 1456 16

897 1478 1056 1524 κάμηλος
1091 1479 1168 1521 629,
1195 1485 1250 1512 49.
1278 1486 1331 1513 53.
1350 1485 1403 1512 63.
1422 1484 1476 1511 64.
1496 1484 1549 1512 89.
1593 1476 1656 1510 κά-

946 1535 1052 1582 μηλοι
1075 1536 1154 1578 629,
1175 1542 1250 1570 166.
1276 1536 1353 1578 674,
1373 1541 1412 1569 21

897 1592 1119 1639 κανηφορέω·
1159 1591 1420 1639 κανηφοροὺσης
1456 1591 1503 1634 (ἐν
1540 1589 1655 1636 Δήλῳ)

947 1651 1024 1693 170,
1044 1657 1060 1683 s

898 1705 1093 1752 κανηφόρος
1117 1702 1287 1750 Ἀρσινόης
1311 1703 1529 1750 Φιλαδέλφου
1555 1706 1609 1747 56,
1625 1711 1654 1738 2.

945 1764 1000 1806 90,
1021 1771 1049 1795 5.
1076 1763 1154 1805 739,
1174 1769 1213 1795 ιο

898 1819 1050 1864 κάπηλοι
1074 1819 1152 1862 484,
1173 1826 1189 1853 8

898 1875 1119 1921 καρπίζομαι·
1161 1874 1255 1912 ὅπως
1293 1893 1339 1900 -—
1377 1877 1483 1909 ταῦτα
1531 1874 1654 1921 ἔχωσιν

943 1937 1110 1979 κρατῶσιν
1149 1937 1301 1979 χρῶνται
1346 1930 1575 1976 καρπίζωνταί
1619 1942 1656 1964 τε

946 1991 1023 2032 455,
1045 1997 1084 2023 15

898 2046 1041 2093 καρποί·
1057 2045 1081 2091 ἡ
1099 2045 1278 2091 συναγωγὴ
1294 2050 1362 2079 τῶν
1379 2050 1520 2091 καρπῶν
1534 2046 1589 2088 56,
1602 2052 1654 2079 37.

946 2101 1073 2143 ξύλινοι
1104 2104 1159 2146 55,
1185 2110 1237 2137 14.
1283 2103 1368 2148 μήτε
1398 2106 1442 2149 γῆ
1476 2102 1563 2147 μήτε
1593 2100 1655 2136 θά-

944 2159 1054 2194 λασσα
1078 2160 1208 2200 δέξαιτο
1235 2159 1324 2204 μηδὲ
1347 2158 1500 2204 καρποὺς
1525 2158 1656 2204 ἐνέγκοι

946 2216 1063 2254 αὐτοῖς
1087 2217 1166 2257 532,
1186 2224 1226 2250 35

898 2273 1060 2319 καρρικὸς
1082 2273 1189 2319 γόμος
1215 2274 1292 2315 629,
1314 2279 1352 2305 16

898 2330 1024 2375 κάρυον
1037 2339 1045 2348 ·
1062 2329 1197 2375 ψυκτὴρ
1212 2348 1259 2354 ——
1275 2329 1365 2374 ἔχων
1383 2326 1656 2361 ἀποπεπτωκότα

943 2387 1055 2432 κάρυα
1079 2386 1164 2420 ἑπτά
1188 2387 1266 2428 214,
1286 2393 1326 2420 48

898 2444 1059 2489 καρυωτὴ
1085 2442 1191 2489 φιάλη
1216 2443 1295 2486 214,
1315 2449 1368 2476 31.
1387 2449 1439 2476 33.
1460 2449 1500 2476 34

898 2500 1001 2535 κασία
1025 2501 1102 2542 214,
1122 2507 1162 2533 59

898 2556 1094 2603 κασίγνητοι
1119 2557 1150 2599 8,
1171 2563 1233 2591 136

898 2613 1100 2658 καταβοάω·
1133 2613 1167 2652 ἐξ
1200 2611 1238 2646 οὔ
1274 2616 1336 2656 τῆς
1366 2610 1496 2646 πόλεως
1528 2608 1653 2654 ἐπέβην

944 2669 1207 2714 καταβοώμενος
1241 2667 1305 2701 ὑπὸ
1335 2671 1402 2699 τῶν
1433 2665 1655 2711 ἐντυγχανόν-

945 2738 1012 2759 των
1043 2726 1120 2767 669,
1146 2732 1175 2757 5.
1230 2723 1285 2756 διὰ
1315 2723 1353 2756 τὸ
1384 2721 1512 2758 πάντας
1543 2720 1654 2754 αὐτῶν

947 2784 1023 2824 (τῶν
1049 2779 1262 2826 ἐγλογιστῶν)
1286 2777 1457 2822 καταβοᾶν
1484 2777 1561 2819 669,
1583 2783 1620 2810 51

900 2836 1143 2882 καταγγελεὺς·
1173 2834 1393 2881 καταγγελεῖς
1419 2838 1486 2867 τῶν
1510 2836 1654 2879 πρώτων

947 2891 1195 2941 ἀχθησομένων
1219 2891 1360 2938 ἀγώνων
1383 2891 1462 2934 456,
1484 2898 1523 2925 10
