1858 3126
46 141 128 184 753]
443 137 746 171 Tarcondimotus
771 135 917 178 regulus
942 145 1028 168 cum
1054 138 1235 179 progenie.
1546 138 1630 179 495

133 275 221 320 753
261 279 388 318 Bases
426 277 531 317 duae
566 276 712 329 lapidis
749 276 907 316 calcarii
944 276 1131 315 inventae
1167 277 1207 316 in
1244 277 1453 329 parietinis
1489 277 1633 317 Hiero-

46 349 151 402 polis
181 347 350 388 Ciliciae.
408 346 508 386 Edd.
542 346 588 385 R.
612 344 827 397 Heberdey
859 348 899 384 et
928 345 971 383 A.
995 344 1186 384 Wilhelm
1218 345 1531 386 Denkschriften
1561 346 1633 385 der

50 418 95 457 K.
124 417 171 458 Κ.
203 415 422 456 Akademie
453 415 526 454 der
552 413 899 454 Wissenschasten
930 425 981 453 zu
1011 413 1141 466 Wien,
1179 413 1396 467 phil.-hist.
1428 414 1482 454 Cl.
1512 415 1633 454 XLIV

52 486 160 546 ⁴895
182 485 234 525 vl
262 497 304 538 p.
326 485 381 524 28
412 496 451 523 n.
476 484 542 523 64.
568 484 620 523 65
653 482 714 536 (R.
738 481 893 534 Cagnat
919 483 1040 522 Inscr.
1065 482 1133 522 Gr.
1156 483 1209 522 ad
1231 494 1295 523 res
1317 484 1433 523 Rom.
1454 487 1559 537 pert.
1581 484 1634 523 Ill

48 567 88 608 p.
113 554 194 594 343
227 566 266 595 n.
290 553 401 604 90⁴).

120 669 136 708 1
168 665 334 723 Μᾶρκος
370 664 617 723 Κερκήνιος1
649 663 785 721 Τήρης
858 663 1083 720 Eropum&
1122 664 1189 707 τὸν
1219 665 1374 722 πατέρα
1412 668 1490 707 τῶν
1524 665 1529 722 Ι
1563 666 1634 722 βα-

166 737 346 779 σιλέωνθ.

50 829 70 860 5
94 818 128 859 11
159 815 283 858 Λάϊον
313 813 695 872 Ταριο(ν)ὃιμότου4
725 814 736 869 Η
767 812 1056 870 [Φιλοπάτωρις
1085 811 1169 868 καὶ]
1202 814 1206 868 Ι
1236 810 1440 870 Ἰουλί[α]“
1470 814 1508 856 οἱ
1528 812 1635 870 Ταρ-

164 885 414 939 κονδιμότου,
447 883 453 939 Ι
485 883 553 940 [ο]ἱ
584 883 766 940 ἀδελφοί,
801 883 806 938 Ι
838 879 943 925 κατὰ
977 883 1217 939 omli-hanff.

143 1013 296 1046 Litterae
330 1012 440 1053 ΑΠΣ;
478 1012 665 1053 praeterea
702 1011 727 1043 Η
761 1012 797 1042 et
830 1011 848 1043 l<
884 1009 993 1043 habet
1027 1010 1154 1043 titulus
1187 1011 1210 1051 1,
1250 1012 1273 1043 Η
1309 1013 1345 1042 et
1379 1013 1403 1043 Κ
1439 1010 1564 1043 tilulus
1599 1011 1636 1042 ll.

54 1073 68 1102 l
101 1069 241 1104 Nomen
265 1069 396 1111 gentile
421 1077 611 1111 perrarum
628 1066 788 1110 quidem,
814 1067 878 1100 sed
903 1068 1115 1109 neutiquam
1134 1068 1348 1100 inauditum.
1391 1068 1439 1100 Cf.
1465 1068 1501 1100 C.
1521 1068 1544 1100 l.
1564 1068 1636 1100 Lat.

51 1127 109 1170 vl,
134 1129 212 1169 ⁴5⁴,
237 1130 256 1159 5
281 1123 323 1159 L.
352 1123 543 1160 Ger-cenius
567 1123 608 1158 L.
639 1123 700 1158 lib.
724 1122 886 1158 Hermes.
1049 1127 1068 1156 2
1105 1125 1220 1157 Homo
1257 1126 1445 1167 ceteroqui
1482 1126 1637 1166 ignotus.

50 1187 72 1217 8
106 1184 197 1218 Cum
222 1185 353 1226 styrax
378 1183 455 1225 ipse
481 1191 551 1215 non
569 1182 711 1215 dicatur
728 1191 801 1223 rex,
828 1181 890 1214 sed
916 1184 1018 1224 pater
1043 1190 1180 1223 regum,
1205 1182 1395 1224 Heberdey
1416 1184 1452 1214 et
1468 1181 1638 1215 Wilhelm

49 1250 136 1275 eum
163 1250 236 1274 non
266 1241 384 1283 regiae
413 1241 538 1282 stirpis
570 1240 691 1280 luisse,
725 1240 789 1272 sed
820 1240 998 1280 virginem
1031 1248 1076 1271 ex
1101 1239 1369 1272 Tarcondimoti
1401 1240 1573 1282 progenie
1604 1240 1639 1272 in

55 1299 327 1332 matrimonium
352 1297 500 1331 duxisse
525 1306 569 1330 ex
594 1306 709 1339 eaque
733 1296 826 1329 lilios
851 1305 1062 1340 procreasse
1087 1297 1150 1338 qui
1174 1296 1303 1330 deinde
1329 1300 1528 1339 regnarent.
1554 1306 1640 1330 con-

52 1357 216 1390 iecerunt
243 1354 444 1389 admodum
472 1354 720 1397 probabiliter.
762 1353 851 1387 Nam
877 1354 908 1386 si
934 1355 1019 1396 quis
1043 1354 1145 1387 malit
1173 1355 1223 1387 ita
1251 1356 1421 1396 statuere,
1452 1355 1639 1397 Styracem

0 1422 1 1434 ³
55 1414 233 1447 minorem
265 1413 361 1454 regis
390 1413 593 1454 cuiuspiam
625 1411 740 1444 filium
774 1411 973 1444 decessisse
1005 1414 1087 1444 ante
1122 1412 1295 1445 maiorem
1321 1413 1383 1454 qui
1416 1414 1582 1454 regnaret
1605 1415 1641 1444 et

48 1470 154 1504 orbis
178 1470 299 1504 fratris
321 1469 480 1503 defuncti
497 1469 621 1502 liberis
640 1478 790 1511 regnum
807 1469 1037 1511 relinqueret,
1063 1469 1099 1501 id
1124 1468 1365 1511 improbabile
1381 1470 1429 1502 sit
1453 1478 1538 1502 cum
1555 1470 1641 1512 quia

53 1529 143 1562 haec
167 1528 301 1561 mortui
325 1527 473 1569 imagini
498 1526 705 1569 subscripta
729 1535 810 1560 esse
834 1526 933 1559 nullo
951 1528 1049 1559 certe
1066 1527 1220 1568 vestigio
1242 1526 1432 1568 indicatur,
1459 1529 1537 1560 tum
1556 1528 1641 1569 quia

55 1587 242 1628 paternam
268 1585 443 1626 originem
477 1584 621 1617 silentio
656 1584 787 1626 premit
818 1585 960 1626 Styrax,
991 1583 1089 1626 quod
1119 1592 1214 1626 eum,
1248 1584 1278 1616 si
1310 1593 1329 1617 a
1362 1584 1643 1618 Tarcondimoto

51 1642 197 1684 generis
231 1642 408 1683 originem
439 1644 629 1684 repeteret,
668 1641 846 1674 facturum
885 1641 996 1674 tuisse
1031 1650 1104 1674 non
1142 1643 1198 1674 est
1232 1641 1432 1683 probabile.
1482 1643 1642 1684 Styracis

54 1707 207 1733 uxorem
232 1699 359 1732 Iuliam
386 1700 427 1739 (v.
446 1699 475 1738 6)
512 1699 747 1741 potissimum
779 1698 890 1731 fuisse
915 1698 1132 1740 Heberdeyii
1156 1700 1193 1731 et
1216 1698 1399 1731 Wilhelmi
1432 1700 1641 1732 coniectura

50 1759 110 1790 est
142 1766 214 1790 non
244 1758 343 1789 certa
372 1755 532 1798 quidem,
565 1755 627 1789 sed
662 1764 837 1798 perquam
868 1755 1081 1798 probabilis.
1131 1755 1230 1794 Quae
1261 1757 1291 1788 si
1325 1758 1421 1789 recte
1452 1765 1491 1789 se
1522 1756 1642 1798 habet,

54 1823 130 1847 non
152 1813 259 1847 video
291 1822 358 1846 cur
389 1814 457 1846 viri
487 1813 690 1846 doctissimi
713 1817 781 1846 τῶν
809 1811 974 1856 βασιλέων
1008 1813 1052 1846 ad
1089 1814 1257 1846 homines
1290 1814 1475 1855 ceteroqui
1502 1814 1644 1855 ignotos

54 1871 221 1905 referant.
273 1870 385 1904 Multo
421 1870 647 1912 probabilius
683 1872 748 1911 est,
790 1870 1020 1912 Philopatora
1046 1871 1086 1912 ll,
1128 1873 1353 1912 postremum
1395 1871 1458 1912 qui
1499 1872 1644 1904 nomine

54 1930 163 1961 tenus
186 1929 294 1961 notus
318 1927 366 1960 sit
390 1928 500 1960 huius
524 1928 649 1970 stirpis
674 1936 794 1969 regem
821 1928 908 1967 (not.
928 1928 971 1969 5),
996 1928 1158 1969 styracis
1182 1930 1218 1960 et
1244 1928 1352 1960 Iuliae
1376 1927 1490 1960 filium
1521 1929 1644 1961 existi-

57 1985 242 2019 mandum.
282 1985 434 2018 Pluralis
452 1994 524 2018 non
541 1984 671 2026 obstat,
698 1985 783 2027 quia
799 1985 830 2017 is
849 1984 995 2017 tratrem
1014 1984 1184 2017 habuisse
1203 1986 1334 2027 potest,
1360 1985 1423 2027 qui
1440 1986 1542 2018 initio
1559 1995 1643 2018 cum

54 2051 101 2075 eo
125 2043 349 2083 coniunctim
374 2044 549 2084 regnaret,
575 2043 638 2075 sed
663 2044 746 2075 ante
763 2051 847 2074 eum
872 2050 1087 2084 supremum
1106 2042 1201 2074 diem
1228 2041 1356 2075 obiret.
1475 2045 1491 2075 k
1526 2043 1643 2076 Homo

57 2099 94 2132 iu
118 2099 247 2132 litteris
271 2099 428 2141 antiquis
453 2108 635 2141 nusquam
660 2101 981 2140 commemoratus,
1013 2107 1124 2141 quem
1150 2098 1342 2141 probabile
1372 2102 1428 2132 est
1460 2100 1532 2133 iam
1562 2096 1645 2133 ante

57 2157 200 2198 patrem
225 2156 435 2199 decessisse,
460 2157 546 2198 quia
571 2157 607 2188 in
627 2156 738 2189 rebus
755 2158 837 2189 ante
854 2157 978 2199 ipsum
1004 2157 1183 2199 proelium
1201 2157 1389 2190 Actiacum
1414 2159 1450 2190 et
1475 2158 1644 2199 proximo

59 2215 143 2255 post
167 2213 255 2245 illud
281 2215 447 2255 tempore
472 2215 582 2255 gestis
604 2214 756 2247 fratrum
784 2214 1023 2256 Philopatoris
1048 2215 1062 2246 1
1087 2216 1123 2246 et
1146 2214 1418 2247 Tarcondimoti
1442 2215 1471 2246 11
1497 2217 1583 2255 (not.
1604 2216 1645 2257 ὅ),

60 2278 178 2312 neque
202 2278 291 2302 vero
316 2278 469 2312 usquam
497 2271 592 2303 illius
617 2272 754 2303 mentio
781 2271 830 2303 fit.
956 2275 974 2304 5
1005 2272 1045 2304 In
1070 2272 1139 2304 hoc
1166 2280 1273 2304 versu
1300 2281 1417 2314 neque
1443 2272 1645 2304 litterarum

61 2327 246 2369 relliquias
271 2335 388 2368 neque
414 2328 566 2368 vestigia
589 2336 737 2360 rasurae
761 2337 937 2370 apparere
961 2331 1172 2362 asseverant
1196 2328 1387 2371 Heberdey
1411 2331 1447 2361 et
1464 2329 1646 2371 wilhelm,

57 2384 127 2417 sed
149 2392 235 2416 cum
260 2383 471 2425 superficies
495 2384 624 2425 lapidis
649 2394 867 2427 magnopere
899 2385 1031 2419 detrita
1055 2388 1091 2418 et
1115 2395 1222 2419 exesa
1248 2387 1306 2428 sit,
1340 2386 1376 2418 id
1409 2395 1482 2418 non
1514 2387 1647 2419 miran-

59 2440 150 2474 dum
175 2449 268 2482 esse,
298 2443 407 2482 atque
438 2441 564 2482 utique
589 2441 648 2473 hic
672 2442 809 2483 aliquid
833 2443 998 2475 excisum
1023 2443 1149 2476 videri.
1190 2443 1281 2476 Nam
1307 2446 1344 2476 et
1367 2444 1496 2485 integri
1519 2452 1648 2476 versus

58 2499 220 2540 spatium
239 2507 366 2531 vacare
391 2500 427 2530 et
449 2498 606 2540 plurales
632 2497 664 2530 οἱ
680 2496 959 2543 Ταρκονδιμότου
984 2510 1019 2533 ν.
1038 2504 1069 2542 6,
1095 2500 1127 2534 οἱ
1145 2499 1286 2544 ἀδελφοί
1310 2511 1344 2533 v.
1361 2503 1378 2533 7
1405 2502 1538 2534 indicio
1555 2510 1647 2543 esse,

64 2554 190 2588 Iuliam
223 2565 295 2588 una
326 2565 410 2588 cum
443 2555 551 2587 fratre
582 2556 653 2587 hoc
685 2559 963 2589 monumentum
997 2558 1194 2590 dedicasse.
1243 2559 1352 2600 Atqui
1384 2560 1527 2591 constat
1556 2558 1649 2591 duos

64 2609 175 2645 luisse
191 2613 459 2646 Tarcondimoti
477 2613 490 2644 1
516 2612 621 2653 filios,
648 2612 876 2654 Philopatore
893 2614 907 2645 1
931 2616 968 2646 et
984 2614 1305 2648 Tarcondimotum
1323 2616 1364 2656 11,
1390 2616 1453 2656 qui
1477 2617 1562 2656 post
1577 2616 1648 2647 cla·

64 2667 148 2701 dem
169 2670 350 2703 Actiacam
376 2670 563 2712 patrisque
589 2678 711 2701 necem
739 2669 784 2702 ab
808 2669 962 2702 Antonio
987 2670 1202 2704 defecissent
1227 2672 1383 2711 (Cassius
1400 2672 1467 2703 Dio
1487 2672 1537 2713 LI,
1556 2674 1587 2713 7,
1606 2673 1650 2714 4),

68 2724 132 2757 sed
148 2726 268 2758 tamen
284 2726 330 2759 ab
346 2726 509 2768 Augusto
527 2734 637 2768 regno
655 2727 789 2767 privati
805 2728 926 2759 essent
946 2727 1102 2767 (Cassius
1116 2728 1181 2760 Dio
1195 2728 1328 2769 L1,2‚2,
1350 2729 1412 2769 qui
1431 2736 1516 2760 sane
1534 2729 1651 2761 nomi-

68 2781 181 2814 natim
202 2780 444 2825 Philopatoris
469 2783 577 2816 modo
602 2784 822 2816 mentionem
841 2783 948 2824 facit).
987 2784 1089 2816 Anno
1107 2787 1149 2816 29
1168 2793 1198 2816 a.
1206 2784 1287 2817 Chr.
1298 2794 1331 2816 n.
1350 2784 1498 2817 demum
1516 2785 1650 2818 minori

69 2845 115 2870 ex
138 2838 191 2871 eis
214 2847 299 2880 pars
323 2849 453 2882 magna
475 2842 576 2882 regni
601 2841 741 2882 paterni
759 2839 900 2873 reddita
916 2842 980 2873 est.
1022 2840 1071 2873 Cf.
1097 2840 1243 2873 Cassius
1260 2841 1325 2873 Dio
1344 2840 1428 2883 LIV,
1446 2844 1477 2883 9,
1495 2844 1533 2874 2:
1562 2841 1650 2875 ὥστε

71 2891 224 2937 πολέμου
250 2894 311 2939 μὲν
336 2894 431 2929 οὐδὲν
451 2896 530 2930 τότε
547 2893 573 2942 γ’
590 2895 757 2943 ἐφήψατο,
782 2894 976 2934 δυναστείας
999 2896 1036 2930 δὲ
1058 2895 1100 2941 δὴ
1118 2892 1310 2942 Ἰαμβλίχῳ
1333 2908 1370 2930 τε
1391 2897 1439 2943 τῷ
1451 2892 1649 2944 Ἰαμβλίχου
