1858 3126
207 121 291 160 440
387 117 476 149 vlu.
514 115 662 158 Imperii
689 115 841 148 Romani
866 115 1075 157 provinciae
1098 114 1300 147 orientales.
1349 117 1380 146 9.
1404 113 1602 155 Aegyptus.
1665 112 1790 154 [702—

324 256 451 310 ρεως3
480 252 549 295 καὶ
579 253 660 300 τοῖς
693 252 698 308 Ι
733 250 917 300 συννάοις
956 252 1067 298 θεοῖς
1105 250 1203 307 ὑπὲρ
1238 253 1310 306 τῆς
1345 251 1402 297 εἰς
1440 251 1568 292 αἰῶνα
1599 251 1792 305 διαμονῆς

317 320 571 364 Ἀντωνείνου
605 321 609 378 Ι
642 320 878 377 Καίσαρος4
906 324 975 362 τοῦ
1015 320 1154 376 κυρίου
1191 317 1259 360 καὶ
1293 322 1364 360 τοῦ
1405 318 1630 374 σύμπαντος
1669 317 1792 360 αὐτοῦ

278 403 297 435 5
325 390 438 433 οἴκου
470 393 490 432 ὁ
524 389 646 447 σηκὸς
676 393 745 432 τοῦ
778 391 885 447 ἱεροῦ
916 389 984 431 καὶ
1014 388 1057 431 τὸ
1089 388 1100 444 ΙΙ
1129 388 1301 445 πρόναον
1333 388 1379 429 ἐκ
1407 391 1549 442 καινῆς
1579 402 1794 428 κατεσκευ-

325 459 434 516 άσθη
468 459 534 503 ἐπὶ
559 458 758 502 Ἀουιδίου
781 456 1060 514 (Ηλιοδώρουῦ
1080 456 1260 514 ἐπάρχου
1287 455 1502 513 Αἰγύπτου,
1539 455 1543 512 Ι
1577 455 1792 511 Σεπτιμίου

325 528 552 586 Μάκρωνος
595 529 929 585 ἐπιστρατήγουθ,
974 529 1286 584 στρατηγοῦντος
1333 525 1524 567 ΠλινίουΊ
1563 523 1570 582 Ι
1610 522 1794 566 Καιπίω-

322 615 402 652 νος,
451 598 455 653 Ι
502 597 615 645 ἔτους
671 597 831 654 τρίτου8
874 595 1182 652 Αὐτοκράτορος
1227 593 1436 651 Καίσαρος
1480 592 1600 636 Τίτου
1654 591 1794 635 Αἰλίου

313 664 527 724 (Αδριανοῦ
555 665 807 709 Ἀντωνείνου
842 666 846 722 Ι
878 666 1082 722 Σεβαστοῦ
1103 663 1322 720 Εὐσεβοῦς,
1351 662 1519 720 Μεσορῆ
1551 664 1796 705 ὀκτωκαιδε-

323 735 425 793 κάτῃ
438 739 464 778 9.

207 887 344 930 haberi,
379 888 614 930 praeferenda
639 889 705 920 est.
825 889 843 918 3
876 887 961 919 Loci
985 894 1120 918 nomen
1145 885 1310 926 agnoseit
1333 859 1450 916 Franz·
1469 883 1576 916 allata
1599 883 1710 916 simili
1734 891 1798 924 ap-

207 946 401 988 pellatione
422 938 520 978 Ἴσιδι
545 942 660 978 Φιλιῑιν
693 945 716 978 i.
739 953 770 977 e.
794 943 836 990 τῇ
867 941 901 976 ἐν
933 940 1066 980 Φίλαις.
1199 943 1218 974 4
1250 941 1452 974 Antoninus
1482 941 1567 973 Pius
1602 941 1789 981 (438-464

207 1012 243 1045 p.
262 1003 367 1042 Chr.).
412 1002 462 1036 Cf.
487 1004 560 1035 not.
580 1005 611 1035 8.
751 1003 770 1032 5
804 1000 854 1033 Cf.
881 1000 1198 1042 Prosopographia
1221 1000 1309 1040 imp.
1333 999 1435 1031 Rom.
1457 999 1471 1030 I
1496 1006 1531 1040 p.
1553 1000 1614 1030 487
1641 1007 1675 1029 n.
1695 999 1794 1029 4468.

209 1060 245 1093 C.
262 1060 413 1092 Avidius
431 1060 659 1101 Heliodorus,
685 1059 826 1100 Cyrrho
845 1058 971 1099 Syriae
996 1057 1183 1099 oriundus,
1207 1057 1342 1097 rhetor,
1366 1055 1412 1088 ab
1437 1055 1603 1098 epistulis
1627 1054 1797 1087 Hadriani

207 1118 362 1159 Augusti
387 1118 545 1158 (Cassius
562 1117 629 1149 Dio
647 1116 767 1156 LXIX,
788 1119 818 1157 3,
834 1119 863 1148 5.
896 1115 1018 1157 LXXI,
1037 1117 1091 1157 22,
1109 1114 1153 1155 2).
1192 1113 1457 1147 Praefecturam
1474 1113 1630 1155 Aegypti
1653 1113 1797 1154 praeter

208 1176 306 1208 hunc
330 1175 478 1207 titulum
510 1176 692 1207 testantur
716 1174 826 1206 etiam
852 1173 887 1205 C.
912 1174 937 1205 1.
960 1173 1035 1205 Lat.
1061 1173 1107 1204 111
1131 1172 1255 1213 Suppl.
1281 1172 1406 1213 ww,
1430 1173 1461 1203 3.
1506 1168 1644 1212 Εογὺω
1674 1171 1796 1202 towns

207 1233 276 1265 and
294 1233 388 1265 their
405 1233 537 1274 papyri
555 1241 589 1274 p.
607 1234 673 1264 257
694 1241 727 1264 n.
745 1231 830 1273 CVI,
850 1233 880 1263 4.
900 1233 931 1263 6.
973 1230 1038 1262 Per
1059 1229 1339 1271 quadriennium
1359 1230 1396 1261 et
1415 1228 1555 1270 aliquot
1573 1235 1716 1260 menses
1733 1228 1797 1259 aut

207 1291 316 1323 etiam
335 1290 492 1332 amplius
509 1299 593 1322 eum
618 1290 655 1321 in
675 1289 792 1322 officio
817 1288 929 1320 fuisse
955 1288 1106 1330 apparet
1130 1295 1174 1319 ex
1198 1287 1349 1329 papyris
1374 1286 1438 1327 qui
1462 1285 1520 1318 die
1543 1287 1597 1318 30.
1614 1294 1662 1317 m.
1679 1284 1797 1321 Martii

208 1358 239 1381 a.
267 1350 331 1380 439
358 1357 392 1390 p.
419 1348 500 1380 Chr.
526 1357 559 1380 n.
594 1347 695 1389 (Berl.
719 1356 771 1388 gr.
795 1346 874 1379 Urk.
900 1345 946 1377 111
970 1354 1003 1387 p.
1024 1348 1065 1377 53
1093 1354 1125 1377 n.
1153 1346 1230 1386 747,
1255 1344 1286 1385 4)
1320 1345 1355 1376 et
1387 1343 1445 1376 die
1471 1345 1524 1376 46.
1548 1351 1597 1375 m.
1622 1342 1704 1375 Maii
1729 1343 1795 1374 ⁴48

207 1415 242 1448 p.
262 1405 342 1438 Chr.
361 1415 395 1438 n.
414 1406 517 1446 (Berl.
535 1414 587 1447 gr.
600 1405 681 1437 Urk.
700 1405 714 1436 1
738 1413 773 1446 p.
788 1406 851 1436 430
880 1413 912 1436 n.
933 1406 1010 1445 443,
1029 1402 1061 1444 4)
1087 1402 1311 1444 praefectum
1329 1401 1629 1434 commemorant.
1668 1399 1797 1432 Filium

207 1463 337 1495 habuit
353 1463 524 1496 Avidium
544 1463 709 1495 Cassium
727 1462 911 1494 hominem
930 1460 1210 1501 nobilissimum,
1236 1460 1300 1501 qui
1316 1468 1410 1492 anno
1429 1461 1493 1491 475
1512 1467 1545 1500 p.
1564 1458 1646 1490 Chr.
1671 1458 1798 1490 contra

208 1521 370 1553 Marcum
401 1521 587 1552 Aurelium
628 1519 817 1552 rebellavit
852 1521 888 1551 et
923 1519 1065 1551 occisus
1105 1519 1170 1550 est.
1219 1517 1334 1550 Huius
1371 1525 1500 1549 rursus
1530 1515 1626 1548 filius
1657 1515 1797 1548 avitum

206 1587 340 1610 nomen
377 1577 591 1610 Heliodorus
623 1586 751 1618 gerens
783 1577 1094 1608 commemoratur
1126 1576 1162 1608 in
1195 1575 1268 1607 vita
1306 1574 1416 1607 Marci
1450 1576 1493 1606 26
1530 1573 1755 1615 (Prosopogr.
1782 1572 1797 1603 1

208 1643 245 1677 p.
263 1637 329 1667 487
355 1644 388 1667 n.
408 1635 521 1674 4467).
664 1637 682 1666 6
717 1635 759 1666 ΤΙ
776 1634 861 1666 ΓΟΥ
888 1632 1163 1674 schweinfurth,
1197 1632 1260 1673 qui
1293 1631 1439 1664 videtur
1468 1639 1572 1663 error
1602 1638 1693 1672 esse,
1727 1629 1798 1662 for-

207 1694 305 1725 tasse
329 1701 373 1724 ex
398 1692 553 1733 ligatura
579 1692 623 1724 Ι-Γ
646 1692 769 1732 natus;
795 1699 909 1732 quare
932 1691 1003 1722 hoo
1021 1690 1169 1732 quidem
1187 1689 1266 1722 loeo
1283 1688 1488 1730 antiquiora
1510 1687 1676 1729 exempla
1693 1686 1796 1728 sequi

207 1750 331 1782 malui.
473 1752 491 1781 7
524 1750 582 1782 Sic
615 1748 891 1790 Schweinfurth‚
930 1757 1015 1780 cum
1040 1757 1114 1789 quo
1140 1757 1182 1779 ex
1215 1745 1481 1788 antiquioribus
1512 1744 1597 1778 facit
1629 1743 1795 1777 Hoskins.

209 1808 327 1846 Quare
352 1816 494 1840 errores
520 1807 673 1840 aliorum
699 1807 884 1847 (ΠΑΙΜΟΥ
902 1805 1076 1847 Drovett1,
1101 1805 1283 1838 ΠΑΙΝΙΟΥ
1300 1803 1441 1846 reliqui)
1467 1801 1677 1844 neglegendi
1700 1802 1795 1834 sunt.

209 1865 314 1904 Quod
339 1865 509 1898 Franzius
535 1862 676 1897 Παινίου
707 1863 880 1906 praetulit
909 1865 945 1895 et
974 1862 1239 1895 nominativum
1266 1858 1405 1898 Παινίας
1436 1869 1517 1893 esse
1547 1859 1685 1901 statuit,
1717 1858 1796 1890 iure

208 1924 351 1956 mireris
376 1923 562 1955 hominem
581 1922 733 1955 doctum
751 1931 822 1954 non
840 1920 1080 1963 perspexisse,
1103 1920 1173 1952 hoc
1189 1919 1268 1952 loco
1285 1927 1418 1951 nomen
1442 1917 1574 1959 gentile
1591 1916 1795 1948 Romanum

207 1980 415 2013 desiderari.
535 1983 553 2012 8
586 1980 674 2012 Cum
706 1988 772 2021 pro
805 1979 1055 2020 antiquiorum
1087 1977 1242 2009 lectione
1273 1976 1437 2009 ΤΡΙΤΟΥ
1467 1972 1794 2006 Schweinfurthius

210 2038 343 2071 ΙΗΤΟΥ
369 2037 405 2069 in
430 2037 549 2078 lapide
575 2037 754 2079 dispicere
779 2036 849 2068 sibi
875 2036 975 2067 visus
1001 2036 1107 2076 esset,
1132 2033 1170 2066 E.
1187 2033 1295 2065 Klebs
1321 2033 1533 2073 Prosopogr.
1557 2031 1644 2072 imp.
1661 2029 1794 2062 Rom.1

206 2102 241 2136 p.
261 2097 326 2126 487
353 2103 386 2126 n.
406 2097 495 2126 4468
515 2103 608 2125 anno
628 2091 732 2136 454s5
751 2102 785 2134 p.
800 2093 881 2124 Chr.
896 2102 929 2124 n.
948 2091 1145 2124 vindicavit
1161 2090 1319 2122 titulum.
1361 2088 1493 2121 Contra
1509 2096 1619 2130 quem
1637 2087 1794 2120 Steinius

206 2151 359 2193 monuit,
383 2151 479 2182 illius
504 2151 587 2182 anni
613 2150 837 2192 praefectum
860 2150 987 2180 notum
1010 2156 1089 2180 esse
1113 2147 1156 2179 M.
1176 2146 1429 2188 Sempronium
1448 2145 1660 2187 Liberalem,
1684 2146 1794 2186 atque

208 2209 303 2241 inter
326 2208 496 2240 Avidium
517 2207 750 2239 Heliodorum
777 2208 812 2238 et
829 2205 1030 2238 Liberalem
1055 2204 1164 2236 etiam
1189 2203 1328 2245 aliquot
1351 2203 1554 2245 praefectos
1578 2211 1623 2235 ex
1642 2202 1794 2244 papyris

208 2266 421 2307 innotuisse,
458 2267 499 2297 ut
535 2265 708 2306 appareat
744 2264 803 2295 hio
839 2263 985 2304 quidem
1028 2270 1169 2294 errasse
1204 2262 1241 2293 in
1277 2260 1574 2294 transscribendo
1611 2259 1794 2292 schwein-

208 2324 398 2365 furthium,
425 2324 461 2355 et
485 2331 619 2355 annum
638 2319 763 2364 439l40
784 2329 818 2362 p.
836 2320 917 2352 Chr.
935 2330 968 2352 n.
993 2319 1270 2360 intellegendum
1290 2327 1380 2351 esse.
1497 2321 1516 2350 9
1547 2318 1687 2351 Mesore
1702 2315 1794 2349 duo-

207 2380 370 2412 decimus
395 2379 658 2421 Aegyptiorum
686 2378 822 2410 mensis
853 2378 890 2408 in
914 2376 1013 2409 fastis
1038 2376 1287 2408 Alexandrinis
1317 2375 1515 2417 incipiebat
1538 2384 1559 2407 a
1583 2373 1641 2406 die
1665 2375 1720 2406 25.
1744 2382 1793 2406 m.

206 2438 297 2469 Iulii.
347 2437 441 2469 Haec
466 2437 576 2478 igitur
601 2436 738 2477 scripta
762 2436 847 2467 sunt
871 2434 929 2466 die
954 2436 1008 2465 44.
1027 2442 1073 2465 m.
1092 2433 1247 2474 Augusti
1272 2442 1302 2465 a.
1321 2434 1385 2464 440
1412 2441 1447 2474 p.
1465 2432 1547 2465 Chr.

296 2664 383 2707 703
427 2667 717 2717 Fragmentum
756 2665 866 2704 basis
901 2664 1046 2716 lapidis
1082 2663 1278 2714 granitae,
1319 2662 1529 2701 inventum
1563 2661 1605 2698 in
1649 2659 1790 2710 fundo,

209 2738 321 2776 cuius
361 2736 549 2775 dominus
586 2737 647 2774 est
677 2734 802 2774 Sheik
831 2734 988 2784 Muran,
1029 2735 1146 2771 extra
1183 2730 1381 2782 oppidum
1409 2725 1655 2780 Menshq‘jeh.
1716 2726 1788 2766 Ed.
1850 2723 1858 2787 J:

208 2806 252 2844 P.
275 2807 450 2856 Jouguet
480 2805 579 2843 Bull.
604 2805 653 2843 de
681 2814 782 2842 corr.
807 2803 905 2842 Hell.
933 2801 1007 2840 XX
1039 2800 1148 2839 4896
1179 2811 1219 2852 p.
1245 2799 1327 2837 398
1359 2797 1573 2850 (Seymour
1603 2797 1653 2836 de
1682 2795 1791 2835 Ricci

207 2873 358 2914 Archiv
389 2873 454 2912 fiir
484 2871 897 2925 Papyrusforschung
926 2870 962 2908 II
991 2883 1030 2922 p.
1056 2869 1129 2907 444
1168 2879 1207 2907 n.
1232 2864 1312 2919 53).
1855 2855 1858 2874 ³
