1858 3126
198 121 282 162 202
411 119 500 151 VIII.
537 118 684 160 Imperii
708 117 862 150 Romani
885 117 1095 160 provinciae
1121 118 1322 152 orientales.
1373 121 1403 152 3.
1429 118 1575 153 Galatia.
1699 118 1777 162 [538

248 259 283 298 11
775 251 893 311 [Ἐπὶ
921 279 1166 286 ..........
1173 255 1204 311 a]

196 418 373 452 Galaticas
406 417 604 451 affecerunt
635 418 679 459 (v.
707 418 841 460 5-89).
890 418 929 450 In
961 417 1021 450 illa
1049 417 1204 450 formula
1237 418 1457 452 dedicatoria
1491 418 1580 452 nihil
1615 421 1671 452 est
1703 429 1776 462 quo

194 475 398 519 offendaris,
423 476 492 509 nisi
509 476 743 518 participium
762 474 992 521 ἱερασάμενον.
1033 475 1137 514 Quod
1162 476 1338 508 memoria
1355 484 1487 519 anceps
1503 478 1570 519 est,
1596 476 1776 519 siquidem

192 532 428 568 Montfaucon
445 534 706 576 ΡΑΣΑΜΕΝΟ,
731 533 894 566 Chishull
917 534 1201 575 ΡΑΣΑΜΕΝΟΣ,
1226 532 1407 566 Hamilton
1432 557 1441 568 .
1455 558 1463 567 .
1478 556 1486 566 .
1501 558 1509 566 .
1522 535 1774 568 ΑΣΑΜΕΝΟΝ

193 591 350 634 exhibet,
380 591 515 624 nullius
549 591 722 624 momenti
754 592 818 623 est.
866 589 959 623 Nam
991 590 1034 623 de
1068 591 1269 624 masculino
1301 591 1428 633 utique
1458 592 1611 633 cogitari
1638 592 1776 634 nequit.

191 648 238 682 At
254 649 468 692 scrupulum
487 650 611 681 movet
626 648 728 681 verbi
745 649 855 691 notio,
878 648 1050 690 quoniam
1070 647 1224 694 ἱερᾶσθαι
1240 649 1325 682 alibi
1342 650 1398 681 est
1420 644 1655 682 ‘sacerdotem
1674 646 1776 693 esse’,

191 707 251 740 hic
276 715 364 740 vero
396 707 538 739 insolite
563 706 843 748 intellegendum
868 707 923 739 est
946 701 1042 738 ‘cum
1067 714 1153 747 gens
1180 706 1341 739 officium
1365 707 1607 749 imperatores
1631 707 1777 740 honori-

191 764 261 798 bus
287 764 419 797 divims
444 764 622 797 afficiendi
646 764 683 796 in
708 772 747 797 se
772 759 1019 806 suscepisset'.
1068 764 1202 796 Tamen
1227 764 1373 797 videtur
1405 765 1441 797 in
1472 765 1540 798 hac
1562 765 1776 808 interpreta-

190 822 290 855 tione
315 822 620 864 acquiescendum
638 830 729 855 esse.
848 824 867 852 2
900 822 1061 854 Primum
1079 822 1243 863 Pergami
1260 822 1439 864 templum
1455 821 1610 864 Augusti
1635 824 1671 855 et
1687 822 1775 855 deae

190 880 324 912 Romae
349 880 591 912 constitutum
616 881 694 912 erat
719 879 811 920 (Tac.
828 879 917 911 Ann.
936 878 992 921 IV,
1013 882 1073 911 37:
1110 889 1194 913 eam
1225 877 1331 913 dimas
1354 877 1540 923 Auyustus
1569 877 1646 913 sibi
1672 882 1776 923 atque

190 935 278 971 urbi
298 935 435 971 Romae
458 935 631 980 templum
658 935 759 980 apud
780 934 1002 980 Pergamum
1031 934 1117 970 sisti
1137 946 1214 970 non
1239 934 1505 980 prohibuisset),
1536 946 1653 979 neque
1683 946 1773 970 vero

189 996 231 1027 ut
248 995 417 1028 Franzius
443 995 614 1036 opinatur
637 1003 658 1027 a
675 994 978 1036 Pergamenorum
996 994 1152 1036 civitate,
1179 994 1242 1027 sed
1267 994 1313 1027 ab
1328 995 1413 1027 Asia
1431 995 1627 1037 provincia.
1668 994 1775 1034 Quod

190 1052 397 1094 exemplum
425 1052 562 1085 Galatia
586 1052 706 1085 vicina
731 1052 855 1084 secuta
879 1052 935 1084 est
958 1051 1060 1084 brevi
1082 1053 1176 1094 post,
1202 1052 1278 1084 sine
1304 1051 1415 1085 dubio
1433 1053 1623 1085 etiamtum
1648 1061 1775 1095 super-

189 1110 274 1142 stite
298 1109 475 1151 principe.
522 1108 614 1142 Nam
640 1106 719 1145 θεὸς
745 1105 913 1152 Σεβαστός
943 1109 1003 1141 bic
1034 1118 1105 1142 non
1130 1109 1174 1142 de
1204 1109 1372 1142 defuncto
1398 1109 1480 1152 dici,
1512 1111 1554 1142 ut
1578 1110 1679 1152 solet,
1710 1110 1774 1143 sed

189 1167 275 1208 quia
298 1167 329 1199 is
355 1167 414 1199 cui
438 1166 553 1198 divini
575 1166 731 1199 honores
756 1165 969 1198 tribuuntur
999 1166 1088 1199 deus
1114 1166 1349 1209 appellandus
1373 1168 1439 1209 est,
1464 1169 1624 1210 apparet.
1673 1168 1781 1201 cete:

188 1233 272 1256 rum
297 1224 360 1257 vix
384 1224 606 1256 monendum
631 1225 686 1256 est
703 1223 865 1256 dativum
892 1232 964 1256 non
989 1223 1035 1256 ab
1062 1222 1279 1268 ἱερασσίμενον
1304 1224 1471 1266 pendere,
1497 1225 1560 1258 sed
1583 1234 1604 1258 a
1625 1226 1774 1259 notione

188 1281 378 1315 dedicandi
402 1291 496 1323 quae
521 1282 642 1314 mente
672 1281 896 1323 suppleatur.
1015 1284 1033 1312 3
1065 1282 1294 1314 Laterculum
1320 1282 1351 1314 11
1375 1291 1409 1315 v.
1429 1285 1540 1315 5—89
1573 1291 1646 1316 non
1675 1285 1776 1316 recte

189 1339 278 1371 mihi
311 1340 540 1381 interpretari
566 1339 709 1371 videtur
733 1339 913 1381 Franzius‚
946 1348 1030 1371 cum
1065 1347 1267 1381 provocans
1298 1340 1344 1372 ad
1368 1340 1580 1373 Suetonium
1604 1340 1691 1382 Aug.
1710 1343 1773 1374 59:

183 1395 463 1441 provinciarum
488 1395 680 1440 pleraeque
708 1406 818 1440 super
847 1395 979 1440 templa
1009 1398 1041 1430 et
1069 1406 1158 1430 aras
1188 1395 1291 1430 ludes
1321 1407 1456 1441 quoque
1487 1396 1775 1442 quinquewnales

182 1464 301 1498 paene
324 1452 527 1498 oppidatim
551 1451 814 1487 constituerunt
837 1453 1019 1486 eiusmodi
1035 1454 1143 1486 ludos
1161 1455 1269 1486 etiam
1287 1454 1451 1497 Ancyrae
1467 1454 1611 1489 habitos
1627 1464 1772 1488 eorum-

188 1520 260 1553 que
284 1520 475 1544 recensum
501 1511 559 1544 hic
584 1511 709 1544 haberi
734 1512 871 1545 statuit.
913 1511 1004 1544 Nam
1029 1512 1190 1554 primum
1216 1511 1363 1554 quidem
1387 1512 1476 1545 nulli
1500 1513 1538 1545 in
1562 1513 1619 1545 his
1643 1512 1771 1555 lapidi-

189 1568 260 1601 bus
284 1571 518 1601 recensentur
543 1569 618 1601 ludi
644 1569 793 1611 publici,
819 1568 883 1601 sed
907 1569 1009 1602 varia
1033 1569 1223 1602 hominum
1242 1570 1469 1611 privatorum
1487 1570 1580 1603 dona
1597 1579 1639 1603 ac
1663 1570 1775 1603 bene-

186 1626 278 1659 ficia.
328 1626 463 1658 Deinde
501 1635 601 1668 vero,
638 1627 736 1668 quod
774 1628 908 1658 mirum
945 1627 1000 1659 est
1036 1627 1224 1659 Franzium
1262 1626 1407 1670 fugisse,
1443 1627 1614 1660 nonnulla
1647 1636 1692 1660 ex
1728 1637 1770 1661 eo

186 1692 338 1717 numero
377 1684 522 1717 definite
559 1685 768 1717 enuntiatur
803 1693 881 1726 per
921 1685 1072 1716 totum
1113 1693 1277 1717 annum
1313 1684 1456 1717 civibus
1493 1684 1656 1726 praebita
1691 1693 1772 1718 esse

188 1742 233 1780 (v.
252 1743 306 1773 47.
333 1743 386 1774 54.
406 1744 459 1774 58.
486 1744 539 1774 64.
566 1744 618 1774 62.
645 1744 697 1773 64.
723 1744 777 1774 72.
804 1744 855 1773 76.
882 1744 935 1773 83.
961 1742 1015 1782 87)
1041 1743 1103 1774 aut
1128 1750 1192 1783 per
1217 1742 1304 1774 satis
1329 1751 1497 1783 magnam
1522 1742 1606 1775 anni
1629 1743 1771 1784 partem

188 1799 310 1842 (μῆνας
335 1797 496 1843 τέσσαρας
521 1807 552 1831 v.
573 1801 626 1831 37.
647 1799 712 1840 44),
743 1800 784 1831 ut
809 1799 938 1841 sponte
962 1800 1084 1840 pateat
1113 1799 1169 1831 his
1195 1799 1343 1840 quidem
1373 1799 1461 1832 nihil
1493 1799 1773 1833 necessitudinis

188 1856 411 1889 intercedere
436 1865 521 1889 cum
547 1856 656 1889 feriis.
704 1856 869 1888 Aliorum
903 1864 988 1888 sane
1020 1865 1062 1888 ea
1092 1858 1221 1889 natura
1252 1858 1317 1899 est,
1350 1858 1392 1889 ut
1423 1866 1465 1890 ea
1493 1865 1559 1899 per
1582 1865 1771 1890 sacrorum
1802 1893 1809 1899 ,

185 1913 415 1955 quorundam
440 1914 669 1946 occasionem
694 1913 854 1946 exhibita
878 1921 958 1946 esse
989 1915 1120 1955 sponte
1144 1915 1282 1955 pateat;
1319 1914 1384 1947 sed
1419 1922 1463 1946 ne
1498 1914 1588 1946 haec
1622 1914 1770 1956 quidem

188 1971 310 2002 omnia
335 1970 380 2002 ad
404 1970 463 2002 illa
487 1971 641 2012 Augusti
666 1971 948 2012 quinquennalia
973 1971 1153 2012 pertinere
1177 1971 1340 2012 possunt.
1388 1970 1479 2003 Nam
1505 1971 1665 2012 primum
1690 1972 1770 2012 qui-

186 2027 268 2059 dem
301 2027 400 2068 quod
432 2027 639 2069 frequenter
672 2028 803 2069 legitur
835 2028 891 2060 bis
922 2028 968 2060 ab
1001 2028 1130 2060 eodem
1161 2028 1309 2060 homine
1342 2027 1437 2060 idem
1471 2036 1584 2069 genus
1608 2029 1769 2062 muneris

187 2083 393 2126 praebitum
418 2092 498 2116 esse
524 2085 568 2125 (v.
589 2088 641 2117 45.
661 2087 713 2117 49.
733 2088 787 2118 28.
806 2088 860 2118 57.
879 2085 945 2127 67),
976 2085 1013 2117 id
1037 2087 1133 2117 certe
1158 2085 1274 2116 multo
1301 2084 1526 2126 probabilius
1550 2085 1769 2119 intellexeris

183 2136 258 2174 ‘bis
282 2150 348 2183 per
374 2136 530 2183 annum’,
556 2150 666 2183 quam
690 2137 765 2174 ‘bis
789 2150 855 2183 per
879 2142 1024 2174 easdem
1050 2137 1176 2183 ferias³‚
1203 2141 1332 2174 deinde
1357 2150 1455 2185 vero,
1481 2151 1565 2175 cum
1590 2142 1651 2175 illa
1667 2143 1768 2176 Gala-

185 2201 306 2232 tarum
331 2207 434 2231 sacra
449 2198 614 2240 Ancyrae
638 2200 786 2240 peracta
809 2200 892 2241 sint,
916 2199 1034 2232 tribus
1058 2199 1147 2232 locis
1173 2199 1317 2232 definite
1339 2200 1476 2242 aliquid
1501 2199 1536 2233 ἐν
1554 2197 1769 2234 Πεσσινοῦντι

184 2256 229 2297 (v.
249 2259 302 2288 53.
323 2259 376 2288 55.
395 2256 448 2296 67)
467 2255 601 2288 factum
621 2255 869 2298 perscribitur.
911 2256 1051 2294 Quibus
1069 2256 1239 2289 omnibus
1256 2258 1434 2299 reputatis
1451 2258 1612 2300 apparet,
1629 2258 1766 2290 nullam

184 2313 270 2345 huic
285 2312 458 2346 laterculo
481 2313 674 2346 arctiorem
691 2313 995 2346 necessitudinem
1013 2314 1235 2347 intercedere
1251 2323 1335 2347 cum
1351 2314 1680 2361 quinquennalibus
1697 2315 1766 2348 illis

183 2369 292 2411 feriis,
318 2369 381 2402 sed
407 2371 529 2402 omnia
556 2370 702 2402 omnino
730 2370 918 2412 magnifica
943 2370 1115 2404 beneficia
1136 2371 1270 2413 quibus
1287 2372 1432 2405 Galatae
1456 2381 1521 2414 per
1545 2372 1625 2404 illos
1650 2380 1766 2405 annos

185 2426 231 2459 ab
255 2427 465 2459 hominibus
490 2428 642 2468 privatis
667 2427 785 2460 affecti
811 2429 932 2460 essent
957 2428 1016 2460 hic
1039 2428 1198 2461 inscribi.
1249 2429 1354 2467 Quod
1370 2429 1405 2461 in
1431 2429 1568 2471 pariete
1591 2428 1765 2470 Augustei

184 2484 419 2526 potissimum
445 2485 534 2517 haec
559 2485 671 2517 incisa
703 2487 797 2526 sunt,
832 2485 868 2517 id
900 2485 1035 2518 nullam
1068 2485 1177 2518 habet
1207 2486 1315 2519 aliam
1345 2487 1533 2527 rationem,
1565 2485 1634 2517 nisi
1666 2486 1765 2527 quod

184 2541 360 2574 honorem
385 2543 421 2573 et
444 2542 641 2583 gratiarum
666 2542 847 2574 actionem
872 2542 931 2574 hic
955 2543 1105 2584 insignis
1130 2543 1231 2575 locus
1255 2552 1364 2585 quam
1398 2543 1554 2575 maxime
1583 2542 1764 2575 illustrare

182 2598 218 2630 et
241 2606 374 2639 augere
398 2598 600 2631 videbatur.
643 2597 816 2636 Quotiens
842 2599 877 2631 in
902 2599 1058 2632 decretis
1083 2599 1291 2632 honorificis
1315 2600 1446 2641 legitur
1468 2600 1511 2631 ut
1528 2601 1764 2633 monumenta

184 2653 218 2688 ἐν
248 2654 298 2700 τῷ
331 2654 582 2701 ἐπιφανεστάτῳ
612 2654 705 2699 τόπῳ
742 2656 935 2697 erigantur,
973 2658 1008 2689 et
1040 2657 1122 2698 quis
1158 2657 1262 2697 locus
1285 2657 1450 2698 Ancyrae
1479 2656 1654 2698 insignior
1685 2658 1765 2689 erat

184 2721 293 2754 quam
312 2713 536 2755 Augusteum
560 2721 686 2745 recens
711 2712 943 2746 dedicatum?
984 2714 1082 2753 Quae
1106 2715 1137 2747 si
1162 2715 1258 2747 recte
1283 2713 1467 2756 disputata
1490 2714 1585 2756 sunt,
1611 2715 1763 2756 apparet

184 2771 463 2812 magistratuum
480 2779 746 2813 eponymorum
764 2771 972 2804 nominibus
989 2772 1224 2814 praescriptis
1244 2779 1316 2804 non
1332 2771 1576 2813 quinquennia
1600 2771 1762 2813 indicari,
1832 2784 1849 2797 ·

182 2829 226 2860 ut
248 2828 396 2861 Franzio
420 2829 544 2862 visum
568 2829 655 2870 erat,
680 2827 744 2861 sed
769 2837 892 2871 annos,
924 2838 1041 2871 neque
1066 2830 1185 2862 minus
1209 2827 1440 2861 manifestum
1465 2830 1531 2871 est,
1563 2837 1647 2861 cum
1679 2837 1761 2870 per-

182 2885 410 2927 spexerimus
435 2885 560 2918 titulos
583 2886 598 2917 I
623 2886 658 2917 et
681 2885 712 2917 11
736 2885 834 2918 nulla
858 2887 1060 2928 argumenti
1084 2885 1348 2919 necessitudine
1365 2885 1552 2928 contineri,
1575 2885 1663 2918 nihil
1686 2886 1759 2918 iam
