1858 3126
206 120 287 161 234
391 119 479 151 VIII.
518 118 665 160 Imperii
689 117 841 150 Romani
867 117 1075 160 provinciae
1099 117 1302 151 orientales.
1352 120 1383 151 4.
1408 118 1518 161 Lycia
1541 119 1608 152 etc.
1662 118 1789 162 [555—

273 268 293 300 5
320 255 529 313 Καίσαρος
558 257 683 297 ναοῦ2
721 254 727 311 Ι
763 253 850 310 [udal
891 257 967 298 τῶν
999 256 1040 298 ἐν
1077 259 1151 298 τῶι
1185 256 1436 313 περιβόλωῂ]
1470 255 1482 314 ΙΙ
1517 254 1677 299 πάντων
1716 255 1786 299 σὺν

317 331 375 381 τῷ
404 325 663 382 πε[ριβ]όλ[ῳ,]
695 323 700 381 Ι
731 323 801 366 καὶ
834 324 1065 381 ἱερατεύσας
1089 323 1333 382 Καίσαρος3,
1366 324 1480 382 [τ]Ιῶι
1509 323 1690 382 Καίσαρι
1717 324 1788 367 καὶ

319 395 489 450 ὃήμωι4.

202 591 315 623 homo
343 591 608 624 Oenoandensis
633 590 746 623 Moles
771 591 917 623 nomine
942 592 996 622 est
1021 591 1131 623 Inscr.
1150 590 1207 622 Gr.
1226 589 1270 623 ad
1292 599 1350 624 res
1372 591 1472 624 Rom.
1492 593 1582 634 pert.
1598 591 1646 624 111
1670 601 1704 635 p.
1721 595 1785 625 469

202 658 235 681 n.
256 650 332 690 449,
352 651 405 682 43.
426 651 478 691 44,
504 657 614 690 quem
639 656 703 680 eos
729 648 772 680 de
797 647 931 690 quibus
956 648 1030 680 dixi
1055 649 1328 690 propinquitate
1349 649 1524 690 attingere
1549 650 1690 682 certum
1714 659 1786 683 non

202 708 267 749 est,
298 706 594 748 quandoquidem
628 715 692 748 per
719 715 865 738 omnem
891 706 1039 747 Lyciam
1065 714 1197 738 nomen
1221 702 1346 750 Μύλης
1370 706 1605 749 perfrequens
1630 709 1703 750 est;
1741 707 1785 740 cf.

202 764 238 796 C.
256 765 282 796 Ι.
300 764 338 797 G.
358 765 458 806 4349,
478 766 509 806 3,
541 762 605 796 ubi
636 772 703 805 pro
736 759 901 807 Μολήτου
932 763 1060 805 procul
1092 763 1203 796 dubio
1228 760 1392 808 Μύλητος
1422 764 1688 798 emendandum
1719 766 1785 798 est.

204 823 285 853 4324
299 831 326 863 e,
346 824 376 853 4.
404 823 486 853 4324
500 819 526 863 f}
545 823 576 853 4.
618 821 728 853 Inscr.
746 821 803 853 Gr.
822 820 866 853 ad
889 829 947 853 res
970 821 1071 853 Rom.
1089 822 1180 862 pert.
1198 821 1244 852 III
1268 829 1304 863 p.
1323 823 1381 853 474
1413 830 1447 854 n.
1467 823 1544 864 457,
1564 824 1594 854 3.
1609 823 1640 855 4.
1664 831 1700 864 p.
1718 825 1784 855 482

200 889 234 912 n.
255 881 332 921 487,
351 881 405 911 45.
439 887 472 920 p.
492 880 552 911 254
584 887 617 911 n.
637 879 713 920 704,
732 880 786 910 45.
826 878 915 910 Bull.
934 878 978 910 de
1003 886 1095 911 corr.
1121 878 1207 910 Hell.
1225 877 1306 911 XVI
1332 881 1420 911 4892
1446 887 1480 921 p.
1506 880 1571 911 244
1598 888 1632 912 n.
1652 881 1683 922 2,
1703 881 1734 912 4.
1754 881 1785 912 3.

200 945 235 979 p.
256 939 318 968 245
344 945 379 968 n.
397 939 452 978 44,
472 938 502 968 4.
534 944 568 977 p.
588 938 654 967 248
680 945 713 968 n.
732 938 768 967 34
783 932 848 978 bis,
867 936 897 968 4.
927 944 961 977 p.
981 938 1046 967 222
1072 945 1105 968 n.
1124 938 1177 978 56,
1195 938 1226 968 2.
1257 945 1292 978 p.
1311 938 1375 969 224
1402 945 1435 968 n.
1454 939 1509 979 73,
1532 938 1562 969 3.
1611 937 1786 978 Legitima

201 994 400 1036 eademque
424 993 539 1025 multo
570 992 862 1034 frequentissima
891 992 1007 1026 forma
1030 989 1166 1037 Μύλης,
1197 989 1362 1038 Μύλητος
1387 994 1458 1036 est;
1492 994 1677 1026 invenitur
1705 991 1786 1036 qui-

201 1052 283 1084 dem
308 1051 417 1083 etiam
435 1051 617 1092 scriptura
633 1046 765 1094 Μώλης
789 1052 825 1082 et
841 1050 949 1083 flexio
965 1046 1135 1093 Μολέους,
1159 1047 1275 1097 Μολῇ,
1301 1051 1365 1084 sed
1382 1051 1598 1093 plerumque
1617 1051 1654 1084 in
1670 1052 1787 1085 titulis

200 1109 445 1151 neglegentius
471 1108 627 1150 scriptis.
676 1107 776 1140 Idem
806 1116 939 1140 nomen
967 1108 1096 1150 utique
1126 1109 1191 1151 est,
1223 1109 1310 1150 quia
1337 1109 1405 1142 hae
1437 1108 1575 1142 formae
1607 1109 1717 1142 etiam
1747 1109 1785 1143 in

201 1167 338 1200 eisdem
362 1166 477 1198 titulis
501 1165 713 1206 eisdemque
738 1164 948 1198 hominibus
982 1165 1170 1198 alternant.
1286 1167 1306 1198 2
1337 1165 1428 1198 Cum
1453 1166 1497 1199 M.
1514 1166 1649 1199 Brutus
1681 1158 1807 1209 oppiss‘

201 1224 288 1257 dum
313 1224 499 1256 Xanthum
532 1232 553 1255 a
583 1222 725 1255 civibus
757 1222 931 1255 acerrime
964 1222 1153 1255 defensum
1183 1224 1350 1265 cepisset,
1379 1223 1526 1256 illorum
1556 1223 1721 1266 plerique
1746 1233 1786 1257 se

200 1291 360 1324 suosque
383 1282 647 1314 interemerunt
672 1280 834 1322 (Appian.
852 1280 926 1313 Civ.
946 1280 1003 1322 IV,
1022 1280 1087 1322 80).
1128 1279 1207 1319 Quo
1226 1280 1451 1323 probabilius
1476 1282 1543 1323 est,
1567 1282 1654 1324 post
1669 1282 1786 1315 victo-

200 1340 291 1373 riam
309 1339 576 1381 Philippensem
593 1338 629 1371 C.
644 1338 833 1371 Caesarem
851 1338 1065 1380 superstites
1082 1338 1236 1380 benigne
1251 1338 1423 1372 habuisse
1439 1340 1476 1371 et
1492 1339 1678 1372 civitatem
1695 1348 1786 1382 quo-

199 1406 357 1440 cumque
370 1398 513 1439 poterat
526 1396 637 1429 modo
653 1395 836 1429 adiuvisse
849 1404 890 1428 ac
901 1395 1090 1438 refovisse,
1104 1397 1255 1438 eiusque
1267 1397 1320 1429 rei
1333 1397 1486 1438 gratiam
1494 1396 1672 1430 Xanthios
1685 1396 1786 1430 delu-

198 1455 265 1487 bro
282 1454 379 1487 illius
404 1453 550 1486 condito
576 1453 770 1486 rettulisse.
811 1453 880 1485 Sed
903 1453 981 1485 iure
1004 1453 1162 1486 editores
1184 1454 1307 1487 mirati
1334 1455 1421 1487 sunt
1444 1453 1689 1487 sacerdotium
1705 1454 1785 1488 eius

199 1511 270 1545 fani
295 1512 433 1544 homini
458 1510 707 1543 Oenoandensi
724 1511 963 1543 commissum
980 1519 1071 1553 esse,
1095 1511 1231 1553 quippe
1248 1519 1342 1552 quae
1359 1512 1488 1544 civitas
1512 1521 1534 1544 a
1549 1512 1651 1544 Bruti
1672 1512 1785 1554 parti-

199 1568 268 1602 bus
293 1570 455 1601 stetisset
479 1570 515 1600 et
539 1569 665 1600 contra
679 1568 856 1600 Xanthios
881 1569 1095 1610 pugnasset;
1122 1567 1164 1600 cf.
1187 1567 1429 1610 Appian.Civ.
1446 1568 1503 1611 IV,
1523 1571 1583 1602 78:
1610 1565 1786 1606 Οἰνανδεῖς

200 1625 238 1660 δὲ
261 1624 416 1672 γείτονες,
442 1624 497 1659 διὰ
519 1624 582 1669 τὴν
608 1623 643 1662 ἐς
667 1623 747 1662 τοὺς
765 1622 933 1662 Ξανθίους
958 1623 1084 1671 ἔχθραν
1109 1623 1152 1658 τ”’
1174 1622 1317 1670 Βρούτῳ
1342 1627 1611 1671 συμμαχοῦντες,
1637 1624 1693 1659 διὰ
1715 1630 1784 1660 τῶν

197 1687 362 1729 κρημνῶν
387 1681 633 1729 ἐπετροβάτουν
659 1680 743 1716 ἄνω.
792 1682 908 1721 Quam
927 1682 1174 1715 difficultatem
1195 1683 1317 1716 nescio
1342 1692 1388 1716 an
1412 1683 1463 1716 ita
1486 1683 1785 1717 commodissime

199 1741 445 1784 expediamus,
484 1741 595 1774 fuisse
626 1740 827 1774 Oenoandis
859 1741 970 1773 etiam
1000 1741 1219 1773 contrariam
1254 1740 1464 1783 factionem;
1502 1750 1583 1774 eam
1619 1750 1700 1775 cum
1732 1742 1785 1775 illi

198 1800 309 1832 Bruto
340 1808 379 1831 se
410 1799 700 1841 applicavissent‚
738 1799 910 1841 exulasse,
948 1798 1012 1831 sed
1036 1799 1121 1841 post
1152 1798 1313 1832 Caesaris
1348 1799 1541 1832 victoriam
1575 1800 1783 1833 restitutam

198 1858 304 1898 eique
330 1865 475 1889 omnem
499 1856 721 1898 reipublicae
743 1856 1096 1889 administrationem
1121 1856 1291 1889 traditam
1315 1865 1405 1889 esse.
1445 1856 1560 1889 Huius
1579 1857 1783 1899 principem
1808 1887 1815 1893 .

198 1914 308 1947 fuisse
333 1914 472 1947 Moleta.
520 1914 709 1946 Structura
735 1910 871 1947 Ξάνθου
898 1911 1123 1957 ἐπιστατήσας
1151 1915 1212 1947 τοῦ
1237 1909 1410 1958 Καίσαρος
1433 1915 1516 1947 ναοῦ
1549 1922 1616 1956 pro
1648 1911 1783 1948 ἐπιστα-

197 1970 304 2015 τήσας
327 1973 387 2003 τοῦ
411 1967 586 2015 Καίσαρος
609 1973 693 2004 ναοῦ
716 1972 777 2003 τοῦ
803 1968 838 2003 ἐν
859 1967 983 2014 Ξάνθῳ
1010 1970 1191 2003 similibus
1211 1970 1385 2013 exemplis
1402 1970 1621 2012 defenditur3
1645 1972 1696 2004 ita
1712 1980 1781 2014 pro

198 2028 258 2060 illo
282 2027 382 2069 quod
407 2029 505 2060 recte
530 2037 569 2060 se
593 2027 702 2060 habet
726 2029 762 2060 et
786 2028 937 2070 antiqua
962 2029 1079 2061 aetate
1102 2036 1217 2060 unum
1241 2028 1417 2061 usitatum
1441 2027 1508 2060 fuit
1531 2027 1674 2073 νικήσας
1689 2026 1783 2074 Βαρ-

199 2082 330 2129 βίλλεια
353 2083 396 2117 τὰ
413 2083 448 2119 ἐν
469 2080 619 2129 Ἐφέσῳ,
645 2085 739 2118 haud
766 2094 847 2118 raro
872 2085 1004 2127 legitur
1026 2083 1166 2128 νικήσας
1183 2077 1333 2130 Ἔφεσον
1357 2081 1574 2130 Βαρβίλλεια,
1600 2082 1782 2133 Πέργαμον

197 2140 296 2175 κοινὰ
325 2137 433 2178 Ἀσίας
471 2143 507 2174 et
545 2141 686 2174 similia.
743 2142 862 2174 Etiam
898 2142 986 2174 illud
1025 2140 1057 2175 οἱ
1095 2137 1255 2188 Ἀμοργὸν
1286 2138 1457 2187 Αἰγιάλην
1495 2141 1666 2181 οἰκοῦντες
1703 2144 1780 2186 (pro

198 2196 366 2245 Αἰγιάλην
390 2202 453 2244 τῆς
477 2194 663 2243 Ἀμοργίας)
689 2199 916 2241 aliquatenus
941 2199 1058 2232 simile
1082 2200 1148 2232 est.
1271 2201 1289 2231 8
1325 2199 1410 2233 Post
1434 2209 1569 2233 annum
1588 2201 1629 2232 42
1646 2209 1682 2243 p.
1699 2201 1781 2235 Chr.

197 2256 287 2289 haec
311 2257 446 2298 scripta
471 2264 551 2288 esse
575 2257 704 2297 sponte
729 2257 829 2298 patet
854 2254 938 2297 (not.
954 2256 996 2298 2),
1023 2257 1104 2288 ante
1129 2258 1171 2288 27
1198 2265 1233 2298 p.
1251 2256 1332 2290 Chr.
1357 2257 1472 2291 incisa
1501 2259 1599 2291 certe
1623 2258 1781 2291 maxime

199 2313 386 2356 probabile
422 2315 487 2354 est,
532 2313 617 2355 quia
653 2313 688 2346 C.
719 2313 848 2346 Caesar
890 2314 978 2345 natu
1002 2313 1123 2346 minor
1158 2313 1319 2347 nondum
1358 2311 1526 2359 Σεβαστός
1566 2315 1780 2358 appellatur.

200 2373 217 2403 4
252 2371 342 2403 Cum
368 2367 515 2414 Καίσαρι
538 2369 596 2403 καὶ
619 2369 669 2415 τῷ
694 2368 794 2415 δήμῳ
820 2369 1052 2403 scribendum
1070 2372 1177 2414 esset,
1202 2380 1302 2404 mera
1318 2372 1540 2416 neglegentia
1561 2372 1779 2415 particulam

198 2428 443 2471 copulativam
468 2428 654 2460 traiecisse
677 2427 822 2460 videtur
846 2428 1010 2470 lapicida.

288 2736 377 2780 556
415 2739 459 2777 In
499 2738 647 2791 oppido
678 2739 823 2790 Lyciae
855 2740 936 2778 Tlo.
988 2740 1049 2778 Ex
1085 2739 1244 2779 schedis
1281 2738 1452 2778 instituti
1488 2738 1778 2791 archaeologici

200 2807 518 2848 vindobonensis
549 2808 609 2847 ed.
643 2807 689 2846 R.
713 2807 865 2858 Cagnat
895 2808 1016 2847 Inscr.
1041 2808 1106 2847 Gr.
1131 2808 1183 2846 ad
1203 2819 1267 2846 res
1289 2807 1402 2846 Rom.
1426 2810 1528 2859 pert.
1552 2807 1605 2846 III
1632 2820 1672 2860 p.
1692 2807 1775 2848 209

199 2889 237 2917 n.
263 2878 357 2917 563.
