1858 3126
206 125 290 164 274
410 124 498 155 VIII.
536 124 682 165 Imperii
706 123 858 157 Romani
881 124 1091 166 provinciae
1116 124 1318 158 orientales.
1368 127 1399 158 6.
1424 124 1578 167 Cyprus.
1662 125 1790 167 [583—

291 258 380 302 583
422 263 537 302 Basis
568 263 713 315 lapidis
744 263 895 303 asbesti
929 263 1094 303 inventa
1131 274 1238 302 anno
1272 263 1374 302 4864
1413 264 1454 302 in
1489 264 1622 303 insule.
1651 263 1786 316 Cypro

202 332 309 371 inter
337 332 487 371 rudera
517 331 689 383 Lapethi
718 332 879 371 veteris.
932 332 1002 371 Ed.
1035 332 1264 371 Demetrius
1294 332 1462 371 Pieridis
1490 328 1579 386 Ἐφ.
1603 331 1695 386 ἀρχ.
1718 347 1788 372 πε-

205 399 336 455 ρίοδος
361 396 395 454 β’
418 413 455 439 n.
476 400 572 452 227,
605 401 687 440 tab.
710 401 900 440 XXXVII.
954 402 1016 440 Ex
1045 413 1119 440 suo
1151 398 1392 453 apographo
1413 403 1476 440 W.
1495 402 1544 440 H.
1563 401 1788 452 Wadding-

200 472 273 509 ton
304 481 367 522 ap.
402 469 532 509 Lehas
563 469 685 509 Inscr.
714 470 780 522 ΙΙΙ,
809 467 919 508 2773
963 467 1117 522 (Palma
1158 470 1198 508 di
1240 469 1409 509 Cesnola
1443 469 1603 522 Cyprus
1631 483 1672 523 p.
1704 470 1785 510 449

201 550 240 578 n.
267 538 332 577 45.
385 539 432 577 R.
456 538 610 590 Cagnat
644 539 768 578 Inscr.
798 538 864 578 Gr.
893 539 946 577 ad
972 550 1037 578 res
1064 539 1180 578 Rom.
1209 541 1313 590 pert.
1342 538 1395 577 ΙΙΙ
1430 551 1470 591 p.
1495 538 1576 577 354
1609 550 1649 579 n.
1673 538 1783 590 933).

316 650 509 708 Τιβερίωι
538 649 719 708 Καίσαρι
746 650 954 707 Σεβαστῶι
985 652 1097 706 θεῶι,
1130 651 1229 692 θεοῦ
1257 650 1460 707 Σεβαστοῦ
1491 651 1595 706 υἱῶι,
1629 650 1634 706 Ι
1669 651 1787 693 αὖτο-

317 719 496 776 κροίτορι7
545 720 728 777 ἀρχιερεῖ
775 720 973 776 μεγίστωι,
1024 721 1279 777 δημαρχικῆς
1324 720 1506 767 ἐξουσίας
1547 720 1552 775 Ι
1591 719 1634 762 τὸ
1680 716 1784 774 λα’Ῑ,

315 789 379 830 ἐπὶ
409 788 580 831 Λευκίου
607 785 731 835 Ἀξίου
763 786 961 835 Νάσωνος
1000 786 1258 830 οἰνθυττάτου2
1294 787 1363 830 καὶ
1396 786 1568 845 Μάρκου
1602 787 1607 845 Ι
1636 784 1786 845 Ἐτρει-

314 859 403 900 λίου
447 858 681 913 Λουπέρκου
726 859 973 914 πρεσβευτοῦ
1017 854 1085 899 καὶ
1130 856 1256 899 Γαΐου
1294 858 1480 914 Φλαβίου
1518 858 1671 913 Φίγλου
1715 872 1785 899 τα-

268 939 287 970 5
317 926 447 984 μία<ι>
480 925 491 983 ΙΙ
515 921 734 983 Ἄδραστος
765 923 984 982 Ἀδράστου
1021 926 1280 982 φιλοκαῖσαρ,
1323 928 1343 968 ὁ
1391 925 1618 982 ἐνγενικὸς3
1657 923 1785 982 ἱερεὺς

311 999 382 1038 τοῦ
430 995 434 1052 Ι
483 996 524 1037 ἐν
565 997 622 1052 τῷ
660 995 887 1051 γυμνασίωι
934 995 1306 1050 κατεσκευασμένου
1344 993 1417 1037 ὑπὸ
1457 995 1579 1037 αὐτοῦ
1624 995 1670 1036 ἐκ
1714 996 1783 1036 τοῦ

313 1064 440 1107 ἰδίου4
487 1063 491 1119 Ι
538 1062 726 1120 Τιβερίου
772 1061 980 1119 Καίσαρος
1024 1062 1229 1120 Σεβαστοῦ
1273 1065 1373 1105 ναοῦ
1416 1063 1486 1105 καὶ
1535 1061 1780 1119 ἀγάλματος,

313 1135 333 1175 ὁ
379 1134 619 1190 φιλόπατρις
664 1131 668 1188 Ι
708 1131 777 1174 καὶ
821 1130 1042 1189 πανάρετος
1087 1130 1156 1174 καὶ
1201 1129 1358 1188 δωρεὰν
1402 1130 1469 1174 καὶ
1518 1131 1784 1188 αὐθαίρετος5

309 1202 610 1259 γυμνασίαρχος
646 1199 713 1243 καὶ
744 1200 749 1259 Ι
786 1200 914 1258 ἱερεὺς
950 1203 1026 1242 τῶν
1064 1202 1104 1243 ἐν
1136 1200 1360 1256 γυμνασίωι
1388 1201 1534 1255 θεῶνθ,
1567 1199 1784 1242 κατεσκεύ-

241 1282 282 1315 10
313 1287 406 1314 ασεν
451 1270 517 1313 τὸν
556 1270 651 1313 ναὸν
688 1269 758 1312 καὶ
787 1269 798 1327 ΙΙ
828 1269 873 1312 τὸ
914 1269 1078 1325 ἄγαλμα
1121 1270 1235 1317 ἰδίοις
1276 1269 1538 1325 ἀναλώμασιν
1575 1272 1649 1311 τῶι
1685 1269 1782 1311 ἁτοῦ

310 1342 411 1383 θεῶι
426 1343 454 1396 ⁷,
486 1341 816 1397 ἐφηβαρχοῦντος
850 1339 854 1395 Ι
887 1339 1099 1381 Διονυσίου
1130 1341 1200 1380 τοῦ
1222 1338 1430 1381 Διονυσίου
1461 1341 1530 1381 τοῦ
1560 1335 1784 1380 καὶἈπολ-

310 1410 477 1451 λοδότου
509 1408 810 1465 φιλοκαίσαρος.
847 1406 851 1464 Ι
876 1402 1092 1463 Ἄδραστος
1119 1404 1336 1463 Ἀδράστου
1368 1407 1612 1463 φιλοκαῖσαρ
1642 1406 1782 1448 καθιέ-

312 1494 450 1534 ρωσεν,
495 1477 850 1533 συνκαθιεροῦντος
884 1476 888 1532 Ι
921 1476 990 1517 καὶ
1028 1478 1098 1517 τοῦ
1141 1477 1228 1517 υἱοῦ
1266 1476 1389 1518 αὐτοῦ
1416 1473 1635 1532 Ἀδράστου
1666 1476 1781 1531 φιλο-

308 1547 515 1603 καίσαρος,
547 1549 617 1588 τοῦ
647 1545 714 1588 καὶ
745 1546 867 1587 αὐτοῦ
897 1542 1051 1600 δωρεὰν
1087 1544 1090 1597 Ι
1124 1543 1192 1586 καὶ
1216 1545 1456 1600 αὖθαιρέτου
1477 1542 1781 1600 γυμνασιάρχου

242 1627 283 1659 15
309 1618 386 1657 τῶν
415 1615 584 1669 παίδων,
615 1618 682 1670 τῆι
710 1614 877 1671 γενεσίῳ
907 1613 919 1670 ΙΙ
948 1612 1134 1669 Τιβερίου
1175 1613 1209 1655 Ι-
1236 1610 1295 1666 ις’,
1322 1611 1578 1670 Ἀπογονικοῦ
1607 1609 1668 1654 κδ’
1679 1614 1706 1654 ⁸.
1848 1616 1858 1659 ἰ

285 1743 440 1775 Litterae
490 1741 701 1775 ΑΘΞΠΣΩ.
769 1741 899 1774 Hastae
943 1742 1126 1773 extremae
1176 1740 1342 1783 apicibus
1384 1741 1541 1774 ornatae.
1607 1739 1778 1781 Expressi
1847 1663 1858 1835 Ι

192 1800 449 1841 Waddingtoni
485 1799 704 1841 exemplum,
742 1808 762 1831 a
792 1807 864 1840 quo
890 1798 1040 1831 Pieridis
1073 1807 1143 1830 non
1173 1797 1356 1840 discrepat
1379 1798 1450 1830 nisi
1478 1797 1516 1830 in
1546 1796 1778 1839 paucissimis
1845 1786 1849 1844 J

192 1858 397 1899 iisdemque
422 1857 616 1889 levissimis
642 1856 752 1888 rebus
770 1864 860 1897 quas
886 1855 1094 1897 singillatim
1111 1856 1258 1888 enotare
1282 1864 1353 1887 non
1371 1855 1506 1887 attinet.
1626 1857 1639 1885 4
1674 1853 1777 1886 Anno
1844 1835 1858 1909 q

193 1913 296 1958 29s30
336 1923 369 1956 p.
389 1914 469 1946 Chr.
488 1923 533 1956 n.,
569 1914 631 1955 qui
664 1913 760 1945 idem
791 1914 846 1946 est
878 1914 1002 1945 sextus
1034 1912 1198 1945 decimus
1228 1912 1455 1954 principatus
1488 1910 1622 1943 Tiberii
1647 1911 1692 1951 (v.
1713 1910 1776 1950 45).
1844 1908 1858 1925 '³

194 1972 242 2003 De
268 1972 325 2003 die
350 1971 394 2003 ef.
418 1973 495 2003 not.
515 1974 545 2003 8.
663 1973 682 2002 2
713 1970 838 2012 Neque
868 1971 927 2002 hic
957 1970 1153 2012 proconsul
1185 1978 1302 2011 neque
1334 1969 1397 2010 qui
1421 1968 1591 2010 deinceps
1616 1975 1778 2000 comme-

191 2030 384 2061 morantur
408 2028 548 2069 legatus
572 2029 608 2059 et
633 2029 806 2069 quaestor
831 2027 974 2060 aliunde
998 2027 1086 2060 noti.
1218 2029 1236 2057 3
1267 2025 1464 2067 significari
1488 2025 1634 2057 videtur
1659 2033 1777 2058 sacer·
1843 2018 1858 2058 ἓ

192 2086 332 2118 dotium
366 2085 411 2118 ab
435 2085 590 2117 Adrasto
617 2085 859 2117 constitutum
885 2093 927 2117 ea
951 2084 1176 2125 condicione,
1210 2084 1252 2115 ut
1275 2083 1437 2124 primum
1462 2082 1612 2124 quidem
1636 2082 1715 2124 ipse
1739 2081 1776 2113 id

190 2144 340 2184 gereret,
367 2141 495 2174 deinde
519 2150 607 2174 vero
632 2142 668 2173 in
693 2142 789 2173 illius
814 2142 983 2183 progenie
1007 2140 1266 2173 hereditarium
1285 2141 1391 2172 esset.
1509 2141 1527 2172 4
1554 2139 1602 2172 Cf.
1621 2148 1654 2172 n.
1675 2141 1739 2171 476
1750 2137 1774 2170 5.

191 2203 210 2233 5
242 2200 360 2232 Gratis
386 2197 535 2244 (δωρεάν)
562 2197 890 2240 gymnasiarchiam
917 2198 1081 2239 gessisse,
1113 2198 1135 2229 i.
1154 2206 1183 2229 e.
1210 2197 1404 2239 praecipue
1429 2197 1549 2230 oleum
1574 2197 1626 2229 eis
1650 2196 1714 2238 qui
1738 2196 1775 2227 in

190 2257 379 2299 gymnasio
411 2257 665 2289 exercerentur
695 2256 772 2288 suis
804 2256 979 2297 impensis
1009 2254 1221 2296 praebuisse
1245 2263 1374 2295 magna
1397 2254 1477 2287 laus
1501 2255 1557 2286 est
1580 2261 1698 2295 neque
1722 2253 1775 2285 in-

189 2314 358 2355 frequens
383 2314 419 2346 in
445 2313 569 2346 titulis.
609 2313 656 2345 Cf.
683 2322 716 2345 n.
735 2314 799 2344 479
809 2310 834 2337 9-
851 2311 893 2344 10.
932 2312 995 2344 Hic
1012 2312 1122 2344 altera
1140 2311 1279 2344 accedit
1295 2311 1394 2353 quod
1410 2320 1482 2343 non
1500 2311 1777 2353 exspectaverit,

189 2371 275 2403 dum
303 2381 323 2403 a
350 2372 496 2404 civitate
522 2371 719 2413 rogaretur,
751 2370 814 2402 sed
844 2370 939 2402 ultro
975 2368 1259 2401 munificentiam
1285 2368 1423 2410 populo
1450 2366 1622 2401 obtulerit
1646 2365 1775 2409 (αὐθαὶ-
1838 2408 1840 2410 ¹

189 2428 304 2471 ρετος).
436 2431 453 2460 6
488 2429 656 2461 Mercurii
680 2429 716 2460 et
740 2427 913 2460 Herculis.
1044 2429 1061 2458 7
1095 2425 1239 2459 Tiberio
1271 2426 1423 2459 Caesari.
1478 2425 1526 2458 Cf.
1552 2435 1586 2458 n.
1607 2427 1683 2467 ⁴95,
1702 2427 1732 2457 3.
1751 2426 1770 2457 4

186 2484 243 2517 τὸν
270 2483 391 2517 ἑαυτοῦ
416 2483 495 2518 θεὸν
521 2485 579 2518 καὶ
611 2483 802 2530 εὐεργέτην.
851 2485 902 2516 De
932 2484 1113 2526 scriptura
1143 2482 1226 2516 ἁτοῦ
1258 2483 1300 2515 cf.
1325 2482 1774 2523 Meisterhans-Schwyzer

188 2542 412 2574 Grammatik
442 2542 506 2574 der
539 2544 601 2574 att.
628 2541 781 2575 Inschr.3
804 2551 838 2584 p.
858 2544 893 2574 64
925 2542 998 2574 not.
1018 2543 1053 2574 54
1065 2544 1094 2573 6.
1129 2550 1163 2583 p.
1184 2542 1248 2573 ⁴54
1274 2541 1348 2573 not.
1369 2542 1466 2572 4348.
1514 2539 1551 2571 Ε.
1570 2539 1773 2571 Schweizer

188 2599 413 2631 Grammatik
438 2599 502 2630 der
525 2608 731 2640 pergamen.
757 2600 892 2632 Inschr.
918 2607 952 2641 p.
972 2602 1008 2631 911
1041 2600 1113 2631 not.
1132 2601 1163 2630 4.
1282 2600 1300 2629 8
1331 2596 1560 2638 Apogonicus
1590 2596 1772 2628 secundus

187 2658 243 2688 est
266 2656 402 2688 mensis
421 2656 595 2688 fastorum
615 2657 894 2697 provincialium
912 2656 1031 2698 Cypri,
1058 2663 1216 2697 quorum
1232 2661 1351 2705 annus
1376 2663 1395 2685 a
1415 2653 1474 2685 die
1494 2653 1603 2685 natali
1619 2653 1772 2694 Augusti

188 2713 326 2755 incipit,
363 2713 547 2755 pertinens
583 2713 641 2744 ille
673 2713 820 2754 quidem
853 2723 871 2745 a
905 2713 1081 2754 vigesimo
1114 2712 1244 2753 quarto
1278 2710 1412 2743 mensis
1437 2709 1605 2742 Octobris
1636 2710 1693 2742 die
1725 2708 1771 2741 ad

187 2772 406 2812 vigesimum
438 2771 590 2803 alterum
622 2771 757 2802 mensis
781 2770 1000 2803 Novembris
1032 2769 1157 2810 (Ideler
1181 2767 1381 2800 Handbuch
1406 2767 1470 2799 der
1494 2767 1730 2808 Chronologie
1756 2767 1769 2798 Ι
1810 2755 1815 2763 ³

187 2837 221 2869 p.
247 2829 335 2869 l027).
383 2829 508 2870 Itaque
544 2827 758 2860 deducimur
793 2828 829 2859 in
867 2826 1195 2859 sextumdecimum
1233 2825 1327 2857 diem
1366 2825 1501 2857 mensis
1539 2823 1767 2865 Novembris,

187 2894 296 2926 quem
332 2894 370 2917 re
404 2895 490 2918 vera
514 2884 646 2918 Tiberii
677 2885 840 2917 Caesaris
872 2883 1027 2916 natalem
1058 2891 1137 2915 esse
1170 2882 1313 2915 aliunde
1343 2883 1497 2914 constat.
1547 2881 1595 2914 Cf.
1621 2872 1767 2913 sueton.
