1858 3126
257 131 340 172 570
973 125 1124 159 Indices.

257 265 435 313 Θεόδωρος
459 263 695 310 στρατηλάτης
719 264 797 307 653,
819 271 835 297 1
1087 262 1181 299 Θέων
1204 260 1435 311 ῘΗρακλείδου
1467 262 1655 312 Μαρωνεύς
1685 260 1843 307 (Ἀλεξαν-

256 321 432 368 Θεόδωρος
480 319 652 356 Σελεύκου
704 321 780 364 156,
806 328 835 355 1.
886 321 962 364 157,
986 327 1015 355 1.
1134 319 1243 367 δρεύς)
1268 322 1324 365 92,
1343 330 1360 357 6

305 380 382 423 161,
407 386 437 414 2.
491 377 670 424 Θεόδωρος
707 379 786 421 155,
811 384 841 413 2,
885 378 962 422 158,
986 385 1015 412 1.
1087 377 1182 414 Θέων
1205 377 1404 418 Τελέσωνος
1426 378 1650 427 Περγαμηνός
1673 379 1752 422 486,
1769 385 1811 413 22

304 437 382 481 162,
401 444 431 471 1.
471 441 540 470 τῶν
565 436 710 482 πρώτων
743 434 852 482 φίλων
875 435 936 469 καὶ
959 433 1017 468 ἐπὶ
1088 435 1209 483 Θήρων
1233 434 1401 475 Βοιώτιος
1423 435 1701 484 ἀνδριαντοποιός
1725 437 1804 479 287,
1826 443 1840 469 1

301 498 366 541 τῆς
388 492 478 528 κατὰ
491 494 555 539 τὴν
570 497 675 538 νῆσον
697 491 932 540 γραμματείοις
947 495 1015 526 τῶν
1088 492 1178 532 Θόας
1191 491 1416 532 Πυθοκλεόυς
1432 494 1692 542 σκηπτροφόρος
1708 495 1787 537 245,
1801 499 1842 527 46

303 552 450 592 πεζικῶν
464 550 523 586 καὶ
536 550 683 585 ἱππικῶν
697 549 873 595 δυνάμεων
893 548 970 591 155,
984 555 1015 582 2.
1090 549 1181 589 Θόας
1206 549 1363 597 Γαλάτης
1387 552 1466 595 757,
1486 558 1501 585 1

303 609 466 656 συγγενὴς
493 611 554 643 τοῦ
587 606 756 654 βασιλέως
784 606 844 641 καὶ
874 617 1018 652 στρατη-
1089 606 1278 655 Θομαλέχη
1314 603 1523 644 Ὀδαινάθου
1565 610 1626 643 τοῦ
1666 605 1844 647 Σαουάδου

302 667 360 713 γὸς
391 665 611 712 αὐτοκράτωρ
642 669 706 711 τῆς
739 663 846 710 νήσου
884 663 961 707 156,
987 670 1016 697 1.
1133 664 1219 710 γυνή
1245 665 1323 709 617,
1342 672 1360 699 4

304 723 470 770 συγγενὴς
498 725 559 757 τοῦ
593 720 761 767 βασιλέως
791 721 850 755 καὶ
873 731 1017 768 στρατη·
1088 720 1260 768 Θρᾳκίδης
1286 721 1439 769 αὐλητής
1462 722 1621 769 τραγικός
1646 722 1701 766 51,
1721 728 1760 755 63

300 781 360 827 γὸς
411 779 472 815 καὶ
514 777 686 827 ναύαρχος
733 777 792 812 καὶ
838 776 1017 826 ἀρχιερεύς
1089 778 1242 825 Θρασέας
1266 781 1394 824 230,1.
1420 780 1498 823 259,
1517 787 1534 813 4

305 838 382 881 157,
406 843 436 871 1.
474 837 552 881 161,
576 843 608 871 2.
647 837 723 879 162,
747 841 779 869 2.
817 838 880 880 τῆς
908 834 1015 880 νήσου
1088 835 1316 884 Θρασύμαχος
1341 836 1530 882 σαλπικτής
1555 837 1610 880 51,
1630 843 1671 870 65

305 895 383 939 158,
403 901 419 929 1
1089 892 1341 941 Θ··-ω--δης
1363 891 1535 938 Λισσοίτης
1560 893 1616 936 57,
1634 899 1651 926 2

256 951 431 997 Θεόδωρος
446 947 593 998 Ἀργεῖος
614 949 831 996 ἱερομνήμων
848 946 1016 984 Αἰτωλῶν
1358 980 1363 986 ,

303 1009 381 1053 234,
400 1016 418 1042 4
1087 1006 1254 1046 Ἰαδδαῖος
1277 1005 1506 1055 Παλμυρηνός
1531 1007 1608 1050 633,
1618 1013 1645 1043 ,5

257 1065 435 1112 Θεόδωρος
460 1061 634 1103 Κοτταεὺς
665 1062 881 1110 ἱερομνήμων
906 1060 1017 1098 Αἰτω-
1087 1062 1256 1104 Ἰαδδαῖος
1275 1063 1394 1112 Θαιμῆ
1420 1063 1649 1110 Παλμυρηνὸς
1673 1062 1847 1110 συνοδιάρ-

302 1122 374 1157 λῶν
399 1123 478 1166 234,
497 1129 530 1157 4.
549 1129 567 1156 5
1133 1134 1201 1170 χης
1225 1122 1340 1166 638,1

257 1179 433 1225 Θεόδωρος
447 1176 627 1223 Καρανεύς
641 1175 898 1224 (Πτολεμαιεύς)
922 1178 978 1221 48,
998 1185 1014 1211 7
1087 1176 1202 1225 Ἰαδῆς
1218 1177 1469 1225 Οὐαβαλλάθου
1483 1176 1713 1224 Παλμυρηνός
1729 1178 1807 1221 636,
1826 1184 1844 1211 2

258 1236 433 1283 Θεοκύδης
455 1232 598 1281 Ἑρμίου
616 1232 736 1273 Ἰλιεύς
761 1236 840 1279 444,
860 1244 877 1270 6
1084 1234 1240 1283 ’Ῑάζημις
1264 1237 1343 1280 364,
1363 1244 1380 1271 3

258 1293 475 1340 Θεόμνηστος
500 1291 716 1338 Πτολεμαίου
745 1291 933 1338 στρατηγὸς
957 1289 1019 1326 Φῑ-
1085 1289 1291 1341 Ἰασονίδης“
1294 1291 1530 1341 Ηρακλειύτης
1542 1297 1610 1326 τῶν
1621 1267 1834 1337 πρὸςΛάτμυ
1817 1304 1845 1323 «υ

305 1351 375 1386 λῶν
402 1352 480 1395 695,
503 1359 517 1384 1
1135 1351 1215 1395 459,
1235 1358 1274 1384 14

258 1408 424 1450 Θεόξενος
446 1405 681 1453 Ἀλεξανδρεύς
707 1407 784 1451 102,
806 1415 836 1442 1.
863 1407 939 1450 110,
957 1414 975 1440 4
1090 1406 1266 1446 Κλαύδιος
1284 1403 1406 1442 Ἰάσων
1430 1404 1548 1454 ἅρχων
1576 1404 1849 1451 τῶν-Πανελλή-

259 1465 422 1506 Θεόξενος
444 1463 579 1510 Δελφός
603 1465 681 1508 345,
702 1471 740 1498 16
1134 1477 1203 1500 νων
1230 1466 1307 1507 507,
1327 1471 1357 1498 2.
1378 1471 1395 1497 7

259 1522 425 1568 Θεότιμος
450 1520 675 1569 Περγαμηνός
701 1521 779 1564 299,
798 1528 815 1555 6
1090 1521 1263 1570 Αὐρήλιος
1282 1518 1406 1556 Ἰάσων
1431 1519 1675 1567 ἐπιστράτηγος
1708 1520 1785 1562 708,
1806 1526 1846 1553 16

259 1578 425 1624 Θεότιμος
437 1577 660 1625 Περγαμηνὸς
678 1577 864 1624 στρατηγός
881 1579 960 1621 267,
976 1584 1017 1611 23
1085 1577 1306 1626 Ἰατραγόρας
1332 1578 1411 1621 245,
1430 1584 1471 1612 49

257 1635 402 1683 Μᾶρκος
419 1634 594 1683 Αὐρήλιος
610 1634 775 1680 Θεόφιλος
793 1634 811 1668 ὁ
827 1634 887 1669 καὶ
901 1631 1019 1681 Ἀφρο·
1085 1633 1290 1683 Ἰατροκλῆς
1315 1635 1393 1679 234,
1414 1642 1454 1670 18

306 1693 411 1732 δίσιος
440 1694 519 1736 713,
539 1700 556 1727 4
1085 1690 1287 1742 Ἰατροκλῆς
1333 1689 1559 1728 Ἀπολλωνίου
1604 1687 1847 1736 Ἡρακλεώτης

258 1749 402 1799 Μᾶρκος
441 1748 614 1797 Αὐρήλιος
652 1746 845 1784 Μικκοίλων
894 1748 912 1783 ὁ
961 1747 1020 1783 καὶ
1135 1756 1204 1785 τῶν
1216 1750 1302 1796 πρὸς
1318 1748 1449 1795 Λάτμῳ
1467 1747 1724 1796 στεφανηφόρος
1738 1748 1817 1791 459,
1828 1754 1845 1780 6

307 1807 475 1854 Θεόφιλος
500 1807 578 1850 713,
598 1814 613 1841 1
1085 1804 1227 1855 Ἰοίτρων
1251 1807 1330 1851 245,
1349 1814 1390 1842 49

259 1864 425 1912 Θεόφιλος
449 1862 520 1900 Ἀντ
532 1888 634 1898 .....
669 1862 775 1910 ἱερεὺς
805 1859 1018 1900 Ἀπόλλωνος
1088 1864 1227 1912 Ἱδριεὺς
1252 1860 1451 1908 Ἑκατόμνω
1477 1863 1556 1907 235,
1575 1870 1591 1897 1

305 1923 384 1965 245,
404 1929 444 1957 33
1087 1919 1175 1970 Ἱερα
1188 1946 1290 1956 .....
1314 1918 1538 1967 Περγαμηνός
1561 1920 1639 1962 265,
1659 1926 1699 1952 16

259 1978 432 2025 Θεόφιλος
454 1977 622 2024 Θεοφίλου
645 1979 810 2025 νεώτερος
827 1973 1018 2024 Ἰεραπολί-
1088 1976 1233 2025 Μᾶρκος
1257 1975 1430 2022 Αὐρήλιος
1452 1972 1559 2023 Ἱέραξ
1588 1974 1607 2009 ὁ
1638 1974 1698 2010 καὶ
1720 1973 1846 2010 Εὐδαί-

303 2048 366 2081 της
389 2035 576 2081 στρατηγός
601 2035 679 2078 527,
699 2041 716 2068 2
1136 2047 1209 2080 μων
1234 2035 1312 2077 713,
1332 2041 1348 2066 ¹1

259 2091 426 2140 Θεόφιλος
443 2090 668 2138 Περγαμηνός
692 2091 771 2134 334,
790 2097 808 2124 2
1088 2090 1262 2129 Φλάουιος
1279 2086 1386 2136 Ἱέραξ
1411 2088 1600 2136 φιλόσοφος
1623 2088 1659 2123 ἐν
1682 2086 1845 2133 Μουσείῳ

259 2148 428 2196 Θεόφιλος
452 2146 638 2193 Σαρδιανός
663 2148 741 2190 437,
761 2153 814 2181 24.
834 2152 887 2180 52.
908 2153 948 2186 93
1135 2146 1331 2192 σιτούμενος
1355 2147 1434 2190 712,
1454 2154 1471 2180 4

258 2205 421 2254 Θεόφρων
439 2204 633 2251 Θεόφρονος
647 2200 842 2249 Ἑρμολάου
865 2202 1016 2250 Θεόφρο-
1089 2200 1192 2251 Ἱερᾶς
1215 2202 1445 2250 Παλμυρηνὸς
1469 2204 1548 2247 639,
1567 2210 1585 2238 9

303 2275 361 2301 νος
386 2258 593 2308 Ὺπαιπηνός
616 2262 696 2304 470,
719 2267 749 2295 3.
771 2267 810 2293 15
1088 2257 1259 2307 Ἱεροκλῆς
1278 2260 1471 2307 ἱερόδουλος
1484 2257 1696 2297 ’Λπόλλωνος
1712 2257 1844 2294 Πυθίου

259 2319 434 2367 Θερσίππη
459 2320 537 2362 264,
558 2326 596 2353 13
1133 2318 1212 2362 345,
1233 2325 1274 2352 15

259 2376 451 2424 Θέρσιππος
475 2377 508 2420 4,
528 2384 557 2410 6.
579 2381 632 2410 12.
650 2382 703 2409 34.
722 2381 776 2408 47.
796 2381 850 2408 49.
870 2382 910 2408 78
1089 2370 1259 2422 Ἱεροκλῆς
1282 2373 1490 2421 πρεσβευτής
1513 2374 1592 2417 229,
1610 2380 1649 2407 21

259 2431 386 2471 Θέσπις
410 2431 617 2479 Λαερτιάδου
642 2428 823 2476 Ἀβυδηνός
846 2432 925 2474 444,
946 2438 982 2465 11
1085 2428 1260 2477 Ἱεροκλῆς
1277 2427 1497 2477 Ἱεροκλείους
1515 2426 1756 2476 Ἡρακλεώτης
1774 2433 1858 2469 τῶν,

260 2488 398 2535 Θέστωρ
409 2487 561 2536 Σατύρου
574 2485 804 2533 Ἀλεξανδρεύς
817 2488 872 2530 31,
885 2493 914 2521 2.
930 2488 984 2531 32,
996 2494 1014 2521 2
1133 2489 1217 2535 πρὸς
1240 2487 1371 2534 Λάτμῳ
1397 2486 1654 2534 στεφανηφόρος
1675 2486 1753 2530 459,
1774 2493 1812 2520 13
1852 2492 1858 2517 ἔ

259 2545 428 2584 Θεόδοτος
453 2543 633 2591 Δωρίωνος
656 2540 823 2582 Ἰουδαῖος
849 2546 902 2587 74,
917 2550 935 2578 2
1084 2542 1257 2593 Ἱεροκλῆς
1281 2543 1451 2590 Μιλήσιος
1472 2542 1596 2588 ταμίας
1618 2543 1698 2586 494,
1717 2549 1758 2577 25

260 2602 357 2640 Θέων
383 2604 461 2647 100,
480 2610 510 2638 1.
535 2603 615 2646 772,
633 2609 649 2635 7
1088 2598 1258 2650 Ἱεροκλῆς
1282 2599 1523 2648 Στρατονικεύς
1547 2600 1626 2643 441,
1644 2605 1685 2634 24

259 2659 355 2696 Θέων
379 2659 625 2708 ἀρχιδικαστὴς
650 2659 727 2702 682,
746 2664 763 2691 2
1081 2655 1260 2705 Ἱεροκλῆς
1283 2656 1482 2703 Τροιζήνιος
1508 2656 1627 2698 758,1
1851 2675 1853 2677 ·

258 2717 354 2754 Θέων
378 2715 556 2763 Ἀθηναῖος
581 2716 660 2760 173,
679 2723 694 2750 1
1085 2714 1240 2762 Τιβέριος
1286 2711 1462 2752 Κλαύδιος
1509 2708 1622 2759 Ιέρων
1674 2712 1850 2760 ἀσιάρχης

259 2773 354 2810 Θέων
378 2772 613 2820 Παρμενίσκου
631 2770 789 2819 Αἰγαεύς,
811 2770 1015 2818 τεταγμένος
1131 2772 1272 2815 495,10

305 2830 371 2866 ὑπὸ
395 2831 453 2865 τὸν
480 2829 621 2877 βασιλέα
636 2828 851 2874 Πτολεμαῖον
875 2828 910 2862 ἐν
926 2825 1015 2863 Ἀλε·
1084 2824 1198 2874 Ἱέρων
1218 2826 1327 2873 Σίμου
1351 2832 1419 2861 τῶν
1444 2827 1587 2874 πρώτων
1613 2825 1722 2872 φίλων
1747 2825 1847 2871 βασι

305 2886 460 2934 ξανδρείᾳ
483 2889 538 2931 40,
559 2894 577 2921 2
1130 2883 1219 2923 λέως
1242 2882 1457 2929 Πτολεμαίου
1484 2884 1560 2927 141,
1578 2889 1596 2917 4
1856 2903 1858 2914 -,

1835 2975 1858 2998 ,ἡ
