<?xml version="1.0" encoding="UTF-8"?>
<!DOCTYPE html PUBLIC "-//W3C//DTD XHTML 1.0 Transitional//EN"
    "http://www.w3.org/TR/xhtml1/DTD/xhtml1-transitional.dtd">
<html xmlns="http://www.w3.org/1999/xhtml" xml:lang="en" lang="en">
 <head>
  <title>
</title>
<meta http-equiv="Content-Type" content="text/html;charset=utf-8" />
  <meta name='ocr-system' content='tesseract 3.04.00' />
  <meta name='ocr-capabilities' content='ocr_page ocr_carea ocr_par ocr_line ocrx_word'/>
</head>
<body>
  <div class='ocr_page' id='page_1' title='image "./orientisgraeciin02dittuoft/orientisgraeciin02dittuoft_0632.png"; bbox 0 0 1858 3126; ppageno 0'>
   <div class='ocr_carea' id='block_1_1' title="bbox 264 142 348 182">
    <p class='ocr_par' dir='ltr' id='par_1_1' title="bbox 264 142 348 182">
     <span class='ocr_line' id='line_1_1' title="bbox 264 142 348 182; baseline 0 0"><span class='ocrx_word' id='word_1_1' title='bbox 264 142 348 182; x_wconf 89' lang='grc'>618</span> 
     </span>
    </p>
   </div>
   <div class='ocr_carea' id='block_1_2' title="bbox 978 140 1128 175">
    <p class='ocr_par' dir='ltr' id='par_1_2' title="bbox 978 140 1128 175">
     <span class='ocr_line' id='line_1_2' title="bbox 978 140 1128 175; baseline 0.02 -3"><span class='ocrx_word' id='word_1_2' title='bbox 978 140 1128 175; x_wconf 83' lang='lat' dir='ltr'><strong>Indices.</strong></span> 
     </span>
    </p>
   </div>
   <div class='ocr_carea' id='block_1_3' title="bbox 1005 327 1093 372">
    <p class='ocr_par' dir='ltr' id='par_1_3' title="bbox 1005 327 1093 372">
     <span class='ocr_line' id='line_1_3' title="bbox 1005 327 1093 372; baseline -0.011 0"><span class='ocrx_word' id='word_1_3' title='bbox 1005 327 1093 372; x_wconf 92' lang='lat' dir='ltr'><strong>VII.</strong></span> 
     </span>
    </p>
   </div>
   <div class='ocr_carea' id='block_1_4' title="bbox 331 436 1777 503">
    <p class='ocr_par' dir='ltr' id='par_1_4' title="bbox 331 436 1777 503">
     <span class='ocr_line' id='line_1_4' title="bbox 331 436 1777 503; baseline 0.001 -14"><span class='ocrx_word' id='word_1_4' title='bbox 331 436 554 490; x_wconf 83' lang='lat' dir='ltr'>Nomina</span> <span class='ocrx_word' id='word_1_5' title='bbox 589 436 970 503; x_wconf 79' lang='lat' dir='ltr'>imperatorum</span> <span class='ocrx_word' id='word_1_6' title='bbox 1005 437 1350 492; x_wconf 83' lang='lat' dir='ltr'>Romanorum</span> <span class='ocrx_word' id='word_1_7' title='bbox 1387 452 1503 493; x_wconf 80' lang='lat' dir='ltr'>cum</span> <span class='ocrx_word' id='word_1_8' title='bbox 1537 437 1777 492; x_wconf 81' lang='lat' dir='ltr'><strong>familiis.</strong></span> 
     </span>
    </p>
   </div>
   <div class='ocr_carea' id='block_1_5' title="bbox 559 563 727 596">
    <p class='ocr_par' dir='ltr' id='par_1_5' title="bbox 559 563 727 596">
     <span class='ocr_line' id='line_1_5' title="bbox 559 563 727 596; baseline 0 0"><span class='ocrx_word' id='word_1_9' title='bbox 559 563 727 596; x_wconf 66' lang='lat' dir='ltr'><strong>Caesen</strong></span> 
     </span>
    </p>
   </div>
   <div class='ocr_carea' id='block_1_6' title="bbox 261 627 1018 733">
    <p class='ocr_par' dir='ltr' id='par_1_6' title="bbox 261 627 1018 733">
     <span class='ocr_line' id='line_1_6' title="bbox 261 627 654 674; baseline -0.008 -8"><span class='ocrx_word' id='word_1_10' title='bbox 261 630 344 667; x_wconf 99' lang='grc' dir='ltr'>θεοῦ</span> <span class='ocrx_word' id='word_1_11' title='bbox 365 627 513 665; x_wconf 84' lang='grc' dir='ltr'>Ἰουλίου</span> <span class='ocrx_word' id='word_1_12' title='bbox 538 631 616 674; x_wconf 80' lang='grc'><strong>471,</strong></span> <span class='ocrx_word' id='word_1_13' title='bbox 638 637 654 664; x_wconf 82' lang='grc'>2</span> 
     </span>
     <span class='ocr_line' id='line_1_7' title="bbox 262 685 1018 733; baseline 0 -11"><span class='ocrx_word' id='word_1_14' title='bbox 262 687 458 733; x_wconf 79' lang='grc' dir='ltr'>ἱερατεύσας</span> <span class='ocrx_word' id='word_1_15' title='bbox 475 687 526 725; x_wconf 85' lang='grc' dir='ltr'>δὶς</span> <span class='ocrx_word' id='word_1_16' title='bbox 543 685 715 732; x_wconf 87' lang='grc' dir='ltr'>Καίσαρος</span> <span class='ocrx_word' id='word_1_17' title='bbox 731 691 791 721; x_wconf 90' lang='grc' dir='ltr'>τοῦ</span> <span class='ocrx_word' id='word_1_18' title='bbox 809 686 891 722; x_wconf 87' lang='grc' dir='ltr'>θεοῦ</span> <span class='ocrx_word' id='word_1_19' title='bbox 911 689 987 731; x_wconf 88' lang='grc'><strong>767,</strong></span> <span class='ocrx_word' id='word_1_20' title='bbox 1001 696 1018 722; x_wconf 83' lang='grc'><strong>5</strong></span> 
     </span>
    </p>
   </div>
   <div class='ocr_carea' id='block_1_7' title="bbox 259 780 1054 2891">
    <p class='ocr_par' dir='ltr' id='par_1_7' title="bbox 491 780 727 823">
     <span class='ocr_line' id='line_1_8' title="bbox 491 780 727 823; baseline 0 -10"><span class='ocrx_word' id='word_1_21' title='bbox 491 780 727 823; x_wconf 85' lang='lat' dir='ltr'><strong>Augustus.</strong></span> 
     </span>
    </p>

    <p class='ocr_par' dir='ltr' id='par_1_8' title="bbox 259 845 1054 2891">
     <span class='ocr_line' id='line_1_9' title="bbox 259 845 1020 895; baseline -0.001 -13"><span class='ocrx_word' id='word_1_22' title='bbox 259 846 490 895; x_wconf 71' lang='grc' dir='ltr'>Αὐτοκράτωρ</span> <span class='ocrx_word' id='word_1_23' title='bbox 524 845 659 894; x_wconf 83' lang='grc' dir='ltr'>Καῖσαρ</span> <span class='ocrx_word' id='word_1_24' title='bbox 693 847 774 882; x_wconf 82' lang='grc' dir='ltr'>θεοῦ</span> <span class='ocrx_word' id='word_1_25' title='bbox 809 847 880 885; x_wconf 87' lang='grc' dir='ltr'>υἱὸς</span> <span class='ocrx_word' id='word_1_26' title='bbox 913 845 1020 893; x_wconf 90' lang='grc' dir='ltr'>Σεβα-</span> 
     </span>
     <span class='ocr_line' id='line_1_10' title="bbox 306 902 1020 950; baseline -0.001 -11"><span class='ocrx_word' id='word_1_27' title='bbox 306 905 382 944; x_wconf 85' lang='grc' dir='ltr'>στός</span> <span class='ocrx_word' id='word_1_28' title='bbox 409 906 486 950; x_wconf 88' lang='lat'><strong>328,</strong></span> <span class='ocrx_word' id='word_1_29' title='bbox 506 913 535 940; x_wconf 89' lang='lat'>3.</span> <span class='ocrx_word' id='word_1_30' title='bbox 577 903 835 950; x_wconf 65' lang='grc' dir='ltr'>Αὐτοκράτορος</span> <span class='ocrx_word' id='word_1_31' title='bbox 852 902 934 938; x_wconf 88' lang='grc' dir='ltr'>θεοῦ</span> <span class='ocrx_word' id='word_1_32' title='bbox 959 904 1020 938; x_wconf 76' lang='grc' dir='ltr'>ὑοῦ</span> 
     </span>
     <span class='ocr_line' id='line_1_11' title="bbox 307 960 1022 1009; baseline -0.001 -13"><span class='ocrx_word' id='word_1_33' title='bbox 307 961 492 1008; x_wconf 84' lang='grc' dir='ltr'>Σεβαστοῦ,</span> <span class='ocrx_word' id='word_1_34' title='bbox 535 962 725 1009; x_wconf 79' lang='grc' dir='ltr'>ἀρχιερέως</span> <span class='ocrx_word' id='word_1_35' title='bbox 769 960 924 1008; x_wconf 87' lang='grc' dir='ltr'>μεγίστου</span> <span class='ocrx_word' id='word_1_36' title='bbox 962 961 1022 995; x_wconf 87' lang='grc' dir='ltr'>καὶ</span> 
     </span>
     <span class='ocr_line' id='line_1_12' title="bbox 305 1015 1021 1065; baseline 0 -13"><span class='ocrx_word' id='word_1_37' title='bbox 305 1021 431 1065; x_wconf 85' lang='grc' dir='ltr'>πατρὸς</span> <span class='ocrx_word' id='word_1_38' title='bbox 457 1019 616 1065; x_wconf 77' lang='grc' dir='ltr'>πατρίδος</span> <span class='ocrx_word' id='word_1_39' title='bbox 647 1019 726 1062; x_wconf 94' lang='grc'><strong>470,</strong></span> <span class='ocrx_word' id='word_1_40' title='bbox 747 1026 798 1053; x_wconf 93' lang='grc'>13.</span> <span class='ocrx_word' id='word_1_41' title='bbox 848 1015 1021 1065; x_wconf 86' lang='grc' dir='ltr'>Καίσαρος</span> 
     </span>
     <span class='ocr_line' id='line_1_13' title="bbox 306 1074 1020 1123; baseline -0.001 -13"><span class='ocrx_word' id='word_1_42' title='bbox 306 1074 567 1123; x_wconf 63' lang='grc' dir='ltr'>Αὐτοκράτορος</span> <span class='ocrx_word' id='word_1_43' title='bbox 599 1074 682 1110; x_wconf 83' lang='grc' dir='ltr'>θεοῦ</span> <span class='ocrx_word' id='word_1_44' title='bbox 713 1075 754 1109; x_wconf 83' lang='grc' dir='ltr'>ἐκ</span> <span class='ocrx_word' id='word_1_45' title='bbox 779 1074 861 1111; x_wconf 88' lang='grc' dir='ltr'>θεοῦ</span> <span class='ocrx_word' id='word_1_46' title='bbox 891 1075 1020 1119; x_wconf 87' lang='lat'><strong>655,1.</strong></span> 
     </span>
     <span class='ocr_line' id='line_1_14' title="bbox 304 1130 1020 1180; baseline 0 -14"><span class='ocrx_word' id='word_1_47' title='bbox 304 1136 364 1166; x_wconf 88' lang='grc' dir='ltr'>τοῦ</span> <span class='ocrx_word' id='word_1_48' title='bbox 412 1130 671 1180; x_wconf 70' lang='grc' dir='ltr'>Αὐτοκράτορος</span> <span class='ocrx_word' id='word_1_49' title='bbox 716 1130 890 1178; x_wconf 86' lang='grc' dir='ltr'>Καίσαρος</span> <span class='ocrx_word' id='word_1_50' title='bbox 937 1131 1020 1166; x_wconf 88' lang='grc' dir='ltr'>θεοῦ</span> 
     </span>
     <span class='ocr_line' id='line_1_15' title="bbox 306 1187 1020 1236; baseline 0.001 -13"><span class='ocrx_word' id='word_1_51' title='bbox 306 1187 479 1234; x_wconf 89' lang='grc' dir='ltr'>Σεβαστοῦ</span> <span class='ocrx_word' id='word_1_52' title='bbox 503 1191 582 1234; x_wconf 88' lang='grc'><strong>463,</strong></span> <span class='ocrx_word' id='word_1_53' title='bbox 601 1198 631 1224; x_wconf 80' lang='grc'><strong>4.</strong></span> <span class='ocrx_word' id='word_1_54' title='bbox 673 1188 908 1236; x_wconf 86' lang='grc' dir='ltr'>Αὐτοκράτορι</span> <span class='ocrx_word' id='word_1_55' title='bbox 933 1187 1020 1225; x_wconf 86' lang='grc' dir='ltr'>Καί-</span> 
     </span>
     <span class='ocr_line' id='line_1_16' title="bbox 307 1246 1018 1295; baseline 0 -14"><span class='ocrx_word' id='word_1_56' title='bbox 307 1259 382 1293; x_wconf 88' lang='grc' dir='ltr'>σαρι</span> <span class='ocrx_word' id='word_1_57' title='bbox 413 1246 577 1294; x_wconf 82' lang='grc' dir='ltr'>Σεβαστῷ</span> <span class='ocrx_word' id='word_1_58' title='bbox 608 1252 736 1295; x_wconf 86' lang='grc' dir='ltr'>σωτῆρι</span> <span class='ocrx_word' id='word_1_59' title='bbox 770 1247 828 1281; x_wconf 82' lang='grc' dir='ltr'>καὶ</span> <span class='ocrx_word' id='word_1_60' title='bbox 860 1246 1018 1294; x_wconf 77' lang='grc' dir='ltr'>εὐεργέτῃ</span> 
     </span>
     <span class='ocr_line' id='line_1_17' title="bbox 307 1302 1019 1353; baseline 0.001 -15"><span class='ocrx_word' id='word_1_61' title='bbox 307 1306 384 1349; x_wconf 87' lang='lat'><strong>657,</strong></span> <span class='ocrx_word' id='word_1_62' title='bbox 406 1313 435 1339; x_wconf 92' lang='lat'>1.</span> <span class='ocrx_word' id='word_1_63' title='bbox 476 1304 543 1339; x_wconf 86' lang='grc' dir='ltr'>ἀπὸ</span> <span class='ocrx_word' id='word_1_64' title='bbox 568 1303 829 1353; x_wconf 83' lang='grc' dir='ltr'>Αὐτοκράτορος</span> <span class='ocrx_word' id='word_1_65' title='bbox 847 1302 1019 1350; x_wconf 85' lang='grc' dir='ltr'>Καίσαρος</span> 
     </span>
     <span class='ocr_line' id='line_1_18' title="bbox 306 1359 1018 1408; baseline 0 -12"><span class='ocrx_word' id='word_1_66' title='bbox 306 1359 387 1396; x_wconf 88' lang='grc' dir='ltr'>θεοῦ</span> <span class='ocrx_word' id='word_1_67' title='bbox 419 1361 495 1396; x_wconf 88' lang='grc' dir='ltr'>υἱοῦ</span> <span class='ocrx_word' id='word_1_68' title='bbox 524 1360 698 1408; x_wconf 87' lang='grc' dir='ltr'>Σεβαστοῦ</span> <span class='ocrx_word' id='word_1_69' title='bbox 729 1361 957 1401; x_wconf 76' lang='grc' dir='ltr'>ὑπατεύοντος</span> <span class='ocrx_word' id='word_1_70' title='bbox 981 1361 1018 1396; x_wconf 85' lang='grc' dir='ltr'>τὸ</span> 
     </span>
     <span class='ocr_line' id='line_1_19' title="bbox 307 1417 1018 1465; baseline 0.001 -13"><span class='ocrx_word' id='word_1_71' title='bbox 307 1418 500 1453; x_wconf 74' lang='grc' dir='ltr'>δωδέκατον</span> <span class='ocrx_word' id='word_1_72' title='bbox 532 1420 659 1463; x_wconf 89' lang='grc'><strong>532,1.</strong></span> <span class='ocrx_word' id='word_1_73' title='bbox 708 1417 881 1465; x_wconf 84' lang='grc' dir='ltr'>Καίσαρος</span> <span class='ocrx_word' id='word_1_74' title='bbox 912 1417 1018 1465; x_wconf 81' lang='grc' dir='ltr'>Σεβα-</span> 
     </span>
     <span class='ocr_line' id='line_1_20' title="bbox 307 1473 1020 1523; baseline 0.003 -14"><span class='ocrx_word' id='word_1_75' title='bbox 307 1479 386 1510; x_wconf 85' lang='grc' dir='ltr'>στοῦ</span> <span class='ocrx_word' id='word_1_76' title='bbox 428 1476 506 1520; x_wconf 88' lang='lat'><strong>533,</strong></span> <span class='ocrx_word' id='word_1_77' title='bbox 540 1483 593 1510; x_wconf 86' lang='lat'>25.</span> <span class='ocrx_word' id='word_1_78' title='bbox 661 1473 807 1522; x_wconf 84' lang='grc' dir='ltr'>Καίσαρι</span> <span class='ocrx_word' id='word_1_79' title='bbox 857 1475 1020 1523; x_wconf 85' lang='grc' dir='ltr'>Σεβαστῷ</span> 
     </span>
     <span class='ocr_line' id='line_1_21' title="bbox 307 1531 1019 1578; baseline 0.001 -11"><span class='ocrx_word' id='word_1_80' title='bbox 307 1534 383 1577; x_wconf 92' lang='grc'><strong>539,</strong></span> <span class='ocrx_word' id='word_1_81' title='bbox 404 1541 433 1567; x_wconf 85' lang='grc'>9.</span> <span class='ocrx_word' id='word_1_82' title='bbox 480 1536 540 1567; x_wconf 90' lang='grc' dir='ltr'>τοῦ</span> <span class='ocrx_word' id='word_1_83' title='bbox 572 1531 746 1578; x_wconf 86' lang='grc' dir='ltr'>Σεβαστοῦ</span> <span class='ocrx_word' id='word_1_84' title='bbox 777 1532 860 1569; x_wconf 85' lang='grc' dir='ltr'>θεοῦ</span> <span class='ocrx_word' id='word_1_85' title='bbox 889 1531 1019 1568; x_wconf 88' lang='grc' dir='ltr'>Καίσα-</span> 
     </span>
     <span class='ocr_line' id='line_1_22' title="bbox 308 1587 1017 1636; baseline 0.003 -12"><span class='ocrx_word' id='word_1_86' title='bbox 308 1602 364 1636; x_wconf 89' lang='grc' dir='ltr'>ρος</span> <span class='ocrx_word' id='word_1_87' title='bbox 385 1591 462 1633; x_wconf 92' lang='grc'><strong>582,</strong></span> <span class='ocrx_word' id='word_1_88' title='bbox 483 1598 512 1624; x_wconf 85' lang='grc'><strong>5.</strong></span> <span class='ocrx_word' id='word_1_89' title='bbox 554 1587 727 1636; x_wconf 83' lang='grc' dir='ltr'>Καίσαρος</span> <span class='ocrx_word' id='word_1_90' title='bbox 744 1589 826 1625; x_wconf 87' lang='grc' dir='ltr'>θεοῦ</span> <span class='ocrx_word' id='word_1_91' title='bbox 845 1589 1017 1636; x_wconf 87' lang='grc' dir='ltr'>Σεβαστοῦ</span> 
     </span>
     <span class='ocr_line' id='line_1_23' title="bbox 306 1644 1017 1693; baseline 0.004 -13"><span class='ocrx_word' id='word_1_92' title='bbox 306 1648 383 1692; x_wconf 88' lang='grc'><strong>581,</strong></span> <span class='ocrx_word' id='word_1_93' title='bbox 404 1655 433 1682; x_wconf 88' lang='grc'>2.</span> <span class='ocrx_word' id='word_1_94' title='bbox 486 1644 622 1693; x_wconf 85' lang='grc' dir='ltr'>Καῖσαρ</span> <span class='ocrx_word' id='word_1_95' title='bbox 653 1648 731 1681; x_wconf 82' lang='grc'><strong>454.</strong></span> <span class='ocrx_word' id='word_1_96' title='bbox 764 1648 843 1692; x_wconf 87' lang='lat'><strong>458,</strong></span> <span class='ocrx_word' id='word_1_97' title='bbox 863 1656 894 1682; x_wconf 84' lang='grc'><strong>4.</strong></span> <span class='ocrx_word' id='word_1_98' title='bbox 915 1655 943 1682; x_wconf 87' lang='grc'>9.</span> <span class='ocrx_word' id='word_1_99' title='bbox 965 1656 1017 1683; x_wconf 88' lang='grc'>37.</span> 
     </span>
     <span class='ocr_line' id='line_1_24' title="bbox 307 1705 1016 1750; baseline 0.001 -12"><span class='ocrx_word' id='word_1_100' title='bbox 307 1713 359 1738; x_wconf 88' lang='grc'>56.</span> <span class='ocrx_word' id='word_1_101' title='bbox 380 1713 432 1739; x_wconf 87' lang='lat'>57.</span> <span class='ocrx_word' id='word_1_102' title='bbox 454 1712 507 1738; x_wconf 83' lang='lat'>61.</span> <span class='ocrx_word' id='word_1_103' title='bbox 532 1705 610 1748; x_wconf 88' lang='grc'><strong>459,</strong></span> <span class='ocrx_word' id='word_1_104' title='bbox 633 1711 684 1739; x_wconf 89' lang='lat'>12.</span> <span class='ocrx_word' id='word_1_105' title='bbox 704 1711 756 1739; x_wconf 84' lang='lat'>21.</span> <span class='ocrx_word' id='word_1_106' title='bbox 784 1706 861 1749; x_wconf 83' lang='grc'><strong>462,</strong></span> <span class='ocrx_word' id='word_1_107' title='bbox 883 1712 912 1739; x_wconf 84' lang='lat'>2.</span> <span class='ocrx_word' id='word_1_108' title='bbox 939 1707 1016 1750; x_wconf 86' lang='lat'><strong>555,</strong></span> 
     </span>
     <span class='ocr_line' id='line_1_25' title="bbox 306 1762 1016 1807; baseline 0.001 -11"><span class='ocrx_word' id='word_1_109' title='bbox 306 1769 334 1796; x_wconf 84' lang='lat'>6.</span> <span class='ocrx_word' id='word_1_110' title='bbox 356 1770 386 1796; x_wconf 87' lang='lat'>⁷.</span> <span class='ocrx_word' id='word_1_111' title='bbox 420 1762 497 1805; x_wconf 87' lang='lat'><strong>654,</strong></span> <span class='ocrx_word' id='word_1_112' title='bbox 517 1767 547 1795; x_wconf 87' lang='lat'>2.</span> <span class='ocrx_word' id='word_1_113' title='bbox 579 1762 657 1805; x_wconf 87' lang='lat'><strong>655,</strong></span> <span class='ocrx_word' id='word_1_114' title='bbox 677 1769 706 1795; x_wconf 91' lang='lat'>7.</span> <span class='ocrx_word' id='word_1_115' title='bbox 734 1762 861 1805; x_wconf 84' lang='lat'><strong>656,1.</strong></span> <span class='ocrx_word' id='word_1_116' title='bbox 888 1764 965 1807; x_wconf 89' lang='lat'><strong>658,</strong></span> <span class='ocrx_word' id='word_1_117' title='bbox 987 1771 1016 1797; x_wconf 86' lang='lat'>5.</span> 
     </span>
     <span class='ocr_line' id='line_1_26' title="bbox 305 1816 1016 1864; baseline 0.003 -12"><span class='ocrx_word' id='word_1_118' title='bbox 305 1819 382 1863; x_wconf 91' lang='grc'><strong>659,</strong></span> <span class='ocrx_word' id='word_1_119' title='bbox 403 1826 431 1853; x_wconf 84' lang='grc'>6.</span> <span class='ocrx_word' id='word_1_120' title='bbox 486 1819 503 1853; x_wconf 86' lang='grc' dir='ltr'>ὁ</span> <span class='ocrx_word' id='word_1_121' title='bbox 538 1816 706 1863; x_wconf 78' lang='grc' dir='ltr'>Σεβαστός</span> <span class='ocrx_word' id='word_1_122' title='bbox 743 1820 821 1863; x_wconf 83' lang='grc'><strong>456,</strong></span> <span class='ocrx_word' id='word_1_123' title='bbox 850 1828 899 1854; x_wconf 88' lang='grc'>17.</span> <span class='ocrx_word' id='word_1_124' title='bbox 936 1820 1016 1864; x_wconf 90' lang='grc'><strong>458,</strong></span> 
     </span>
     <span class='ocr_line' id='line_1_27' title="bbox 308 1875 1017 1922; baseline 0.003 -13"><span class='ocrx_word' id='word_1_125' title='bbox 308 1883 359 1911; x_wconf 89' lang='lat'>16.</span> <span class='ocrx_word' id='word_1_126' title='bbox 379 1883 431 1911; x_wconf 86' lang='lat'>28.</span> <span class='ocrx_word' id='word_1_127' title='bbox 453 1883 506 1910; x_wconf 81' lang='lat'>34.</span> <span class='ocrx_word' id='word_1_128' title='bbox 525 1883 578 1910; x_wconf 86' lang='lat'>48.</span> <span class='ocrx_word' id='word_1_129' title='bbox 617 1876 695 1919; x_wconf 87' lang='lat'><strong>532,</strong></span> <span class='ocrx_word' id='word_1_130' title='bbox 715 1884 745 1911; x_wconf 84' lang='lat'>9.</span> <span class='ocrx_word' id='word_1_131' title='bbox 798 1875 875 1915; x_wconf 79' lang='grc' dir='ltr'>θεὸς</span> <span class='ocrx_word' id='word_1_132' title='bbox 910 1875 1017 1922; x_wconf 82' lang='grc' dir='ltr'>Σεβα-</span> 
     </span>
     <span class='ocr_line' id='line_1_28' title="bbox 305 1932 1017 1978; baseline 0.003 -12"><span class='ocrx_word' id='word_1_133' title='bbox 305 1933 382 1971; x_wconf 89' lang='grc' dir='ltr'>στός</span> <span class='ocrx_word' id='word_1_134' title='bbox 407 1933 459 1976; x_wconf 76' lang='lat' dir='ltr'>(de</span> <span class='ocrx_word' id='word_1_135' title='bbox 481 1932 681 1978; x_wconf 61' lang='lat' dir='ltr'>superstite)</span> <span class='ocrx_word' id='word_1_136' title='bbox 708 1933 786 1976; x_wconf 88' lang='grc'><strong>533,</strong></span> <span class='ocrx_word' id='word_1_137' title='bbox 806 1941 835 1967; x_wconf 90' lang='grc'><strong>3.</strong></span> <span class='ocrx_word' id='word_1_138' title='bbox 861 1953 907 1958; x_wconf 88' lang='grc'>-</span> <span class='ocrx_word' id='word_1_139' title='bbox 939 1933 1017 1972; x_wconf 81' lang='grc' dir='ltr'>θεὸς</span> 
     </span>
     <span class='ocr_line' id='line_1_29' title="bbox 305 1988 1014 2034; baseline 0.001 -11"><span class='ocrx_word' id='word_1_140' title='bbox 305 1988 474 2033; x_wconf 85' lang='grc' dir='ltr'>Σεβαστός</span> <span class='ocrx_word' id='word_1_141' title='bbox 495 1990 545 2031; x_wconf 83' lang='lat' dir='ltr'>(de</span> <span class='ocrx_word' id='word_1_142' title='bbox 561 1990 736 2034; x_wconf 72' lang='lat' dir='ltr'><em>defuneto)</em></span> <span class='ocrx_word' id='word_1_143' title='bbox 755 1991 833 2034; x_wconf 86' lang='lat'><strong>471,</strong></span> <span class='ocrx_word' id='word_1_144' title='bbox 850 1997 879 2025; x_wconf 82' lang='lat'>2.</span> <span class='ocrx_word' id='word_1_145' title='bbox 898 1990 1014 2034; x_wconf 87' lang='lat'><strong>583,1.</strong></span> 
     </span>
     <span class='ocr_line' id='line_1_30' title="bbox 305 2046 1016 2093; baseline 0.001 -14"><span class='ocrx_word' id='word_1_146' title='bbox 305 2048 381 2089; x_wconf 83' lang='lat'><strong>661,</strong></span> <span class='ocrx_word' id='word_1_147' title='bbox 417 2055 445 2080; x_wconf 92' lang='lat'>1.</span> <span class='ocrx_word' id='word_1_148' title='bbox 495 2048 572 2089; x_wconf 87' lang='lat'><strong>669,</strong></span> <span class='ocrx_word' id='word_1_149' title='bbox 608 2055 656 2081; x_wconf 86' lang='lat'>16.</span> <span class='ocrx_word' id='word_1_150' title='bbox 721 2046 792 2092; x_wconf 81' lang='grc' dir='ltr'>θεῷ</span> <span class='ocrx_word' id='word_1_151' title='bbox 832 2046 1016 2093; x_wconf 74' lang='grc' dir='ltr'>Αὐγούστῳ</span> 
     </span>
     <span class='ocr_line' id='line_1_31' title="bbox 305 2101 1017 2150; baseline 0 -13"><span class='ocrx_word' id='word_1_152' title='bbox 305 2104 382 2147; x_wconf 84' lang='grc'><strong>262,</strong></span> <span class='ocrx_word' id='word_1_153' title='bbox 421 2111 471 2138; x_wconf 71' lang='grc'>18.</span> <span class='ocrx_word' id='word_1_154' title='bbox 540 2103 798 2150; x_wconf 83' lang='grc' dir='ltr'>Αὐτοκράτορος</span> <span class='ocrx_word' id='word_1_155' title='bbox 845 2101 1017 2149; x_wconf 80' lang='grc' dir='ltr'>Καίσαρος</span> 
     </span>
     <span class='ocr_line' id='line_1_32' title="bbox 304 2156 1016 2206; baseline 0 -11"><span class='ocrx_word' id='word_1_156' title='bbox 304 2160 386 2196; x_wconf 87' lang='grc' dir='ltr'>θεοῦ</span> <span class='ocrx_word' id='word_1_157' title='bbox 411 2160 485 2194; x_wconf 82' lang='grc' dir='ltr'>υἱοῦ</span> <span class='ocrx_word' id='word_1_158' title='bbox 509 2156 826 2204; x_wconf 80' lang='grc' dir='ltr'>ΔιὸςἘλευθερίου</span> <span class='ocrx_word' id='word_1_159' title='bbox 845 2159 1016 2206; x_wconf 79' lang='grc' dir='ltr'>Σεβαστοῦ</span> 
     </span>
     <span class='ocr_line' id='line_1_33' title="bbox 305 2213 1016 2262; baseline -0.003 -10"><span class='ocrx_word' id='word_1_160' title='bbox 305 2218 382 2261; x_wconf 87' lang='grc'><strong>659,</strong></span> <span class='ocrx_word' id='word_1_161' title='bbox 403 2226 431 2252; x_wconf 92' lang='grc'>1.</span> <span class='ocrx_word' id='word_1_162' title='bbox 473 2214 684 2255; x_wconf 82' lang='grc' dir='ltr'>Ἀπόλλωνος</span> <span class='ocrx_word' id='word_1_163' title='bbox 708 2213 926 2262; x_wconf 77' lang='grc' dir='ltr'>Ἐλευθερίου</span> <span class='ocrx_word' id='word_1_164' title='bbox 954 2216 1016 2252; x_wconf 88' lang='grc' dir='ltr'>Σε-</span> 
     </span>
     <span class='ocr_line' id='line_1_34' title="bbox 306 2271 1017 2320; baseline -0.001 -11"><span class='ocrx_word' id='word_1_165' title='bbox 306 2275 429 2320; x_wconf 84' lang='grc' dir='ltr'>βαστοῦ</span> <span class='ocrx_word' id='word_1_166' title='bbox 447 2276 525 2318; x_wconf 82' lang='lat'><strong>457,</strong></span> <span class='ocrx_word' id='word_1_167' title='bbox 546 2282 573 2308; x_wconf 89' lang='lat'>1.</span> <span class='ocrx_word' id='word_1_168' title='bbox 593 2281 623 2309; x_wconf 85' lang='lat'>2.</span> <span class='ocrx_word' id='word_1_169' title='bbox 647 2293 693 2300; x_wconf 92' lang='lat'><em>-</em></span> <span class='ocrx_word' id='word_1_170' title='bbox 720 2272 914 2319; x_wconf 69' lang='grc' dir='ltr'>ἱερατεύσας</span> <span class='ocrx_word' id='word_1_171' title='bbox 931 2271 1017 2308; x_wconf 89' lang='grc' dir='ltr'>Καί-</span> 
     </span>
     <span class='ocr_line' id='line_1_35' title="bbox 305 2328 1054 2396; baseline -0.003 -30"><span class='ocrx_word' id='word_1_172' title='bbox 305 2343 405 2377; x_wconf 86' lang='grc' dir='ltr'>σαρος</span> <span class='ocrx_word' id='word_1_173' title='bbox 429 2333 507 2375; x_wconf 83' lang='grc'><strong>555,</strong></span> <span class='ocrx_word' id='word_1_174' title='bbox 528 2339 556 2365; x_wconf 84' lang='grc'>6.</span> <span class='ocrx_word' id='word_1_175' title='bbox 583 2350 628 2356; x_wconf 94' lang='lat'>—-</span> <span class='ocrx_word' id='word_1_176' title='bbox 652 2334 712 2365; x_wconf 88' lang='grc' dir='ltr'>τοῦ</span> <span class='ocrx_word' id='word_1_177' title='bbox 739 2328 910 2377; x_wconf 84' lang='grc' dir='ltr'>Καίσαρος</span> <span class='ocrx_word' id='word_1_178' title='bbox 933 2334 1016 2365; x_wconf 87' lang='grc' dir='ltr'>ναοῦ</span> <span class='ocrx_word' id='word_1_179' title='bbox 1048 2339 1054 2396; x_wconf 78' lang='grc'>1</span> 
     </span>
     <span class='ocr_line' id='line_1_36' title="bbox 304 2386 1014 2434; baseline -0.003 -12"><span class='ocrx_word' id='word_1_180' title='bbox 304 2390 381 2432; x_wconf 85' lang='grc'><strong>555,</strong></span> <span class='ocrx_word' id='word_1_181' title='bbox 401 2396 431 2423; x_wconf 89' lang='lat'>3.</span> <span class='ocrx_word' id='word_1_182' title='bbox 474 2387 508 2421; x_wconf 83' lang='grc' dir='ltr'>ἐν</span> <span class='ocrx_word' id='word_1_183' title='bbox 535 2390 582 2434; x_wconf 82' lang='grc' dir='ltr'>τῷ</span> <span class='ocrx_word' id='word_1_184' title='bbox 606 2389 678 2434; x_wconf 78' lang='grc' dir='ltr'>ναῷ</span> <span class='ocrx_word' id='word_1_185' title='bbox 701 2391 760 2422; x_wconf 85' lang='grc' dir='ltr'>τοῦ</span> <span class='ocrx_word' id='word_1_186' title='bbox 786 2386 865 2425; x_wconf 81' lang='grc' dir='ltr'>Διὸς</span> <span class='ocrx_word' id='word_1_187' title='bbox 898 2387 956 2421; x_wconf 84' lang='grc' dir='ltr'>καὶ</span> <span class='ocrx_word' id='word_1_188' title='bbox 981 2387 1014 2421; x_wconf 83' lang='grc' dir='ltr'>ἐν</span> 
     </span>
     <span class='ocr_line' id='line_1_37' title="bbox 303 2442 1016 2491; baseline 0 -13"><span class='ocrx_word' id='word_1_189' title='bbox 303 2446 353 2491; x_wconf 78' lang='grc' dir='ltr'>τῷ</span> <span class='ocrx_word' id='word_1_190' title='bbox 367 2448 427 2479; x_wconf 89' lang='grc' dir='ltr'>τοῦ</span> <span class='ocrx_word' id='word_1_191' title='bbox 446 2443 618 2490; x_wconf 82' lang='grc' dir='ltr'>Σεβαστοῦ</span> <span class='ocrx_word' id='word_1_192' title='bbox 643 2446 721 2488; x_wconf 89' lang='grc'><strong>456,</strong></span> <span class='ocrx_word' id='word_1_193' title='bbox 739 2452 789 2478; x_wconf 83' lang='lat'>15.</span> <span class='ocrx_word' id='word_1_194' title='bbox 831 2442 1016 2490; x_wconf 84' lang='grc' dir='ltr'>Καισάρηα</span> 
     </span>
     <span class='ocr_line' id='line_1_38' title="bbox 306 2501 1017 2546; baseline -0.001 -10"><span class='ocrx_word' id='word_1_195' title='bbox 306 2501 455 2546; x_wconf 79' lang='lat' dir='ltr'>(templa)</span> <span class='ocrx_word' id='word_1_196' title='bbox 505 2502 583 2545; x_wconf 90' lang='grc'><strong>458,</strong></span> <span class='ocrx_word' id='word_1_197' title='bbox 615 2509 667 2535; x_wconf 88' lang='grc'><strong>67.</strong></span> <span class='ocrx_word' id='word_1_198' title='bbox 734 2501 769 2534; x_wconf 85' lang='grc' dir='ltr'>ἐν</span> <span class='ocrx_word' id='word_1_199' title='bbox 814 2505 886 2538; x_wconf 90' lang='grc' dir='ltr'>τοῖς</span> <span class='ocrx_word' id='word_1_200' title='bbox 930 2501 1017 2535; x_wconf 81' lang='grc' dir='ltr'>κατὰ</span> 
     </span>
     <span class='ocr_line' id='line_1_39' title="bbox 302 2556 1015 2606; baseline -0.001 -14"><span class='ocrx_word' id='word_1_201' title='bbox 302 2558 363 2596; x_wconf 82' lang='grc' dir='ltr'>τὰς</span> <span class='ocrx_word' id='word_1_202' title='bbox 402 2557 571 2606; x_wconf 83' lang='grc' dir='ltr'>ὑπαρχίας</span> <span class='ocrx_word' id='word_1_203' title='bbox 613 2556 821 2604; x_wconf 82' lang='grc' dir='ltr'>Σεβαστήοις</span> <span class='ocrx_word' id='word_1_204' title='bbox 861 2558 938 2601; x_wconf 87' lang='lat'><strong>532,</strong></span> <span class='ocrx_word' id='word_1_205' title='bbox 963 2565 1015 2591; x_wconf 89' lang='lat'>37.</span> 
     </span>
     <span class='ocr_line' id='line_1_40' title="bbox 307 2611 1016 2661; baseline -0.004 -11"><span class='ocrx_word' id='word_1_206' title='bbox 307 2614 507 2661; x_wconf 89' lang='grc' dir='ltr'>Σεβαστῆον</span> <span class='ocrx_word' id='word_1_207' title='bbox 525 2614 561 2649; x_wconf 88' lang='grc' dir='ltr'>ἐν</span> <span class='ocrx_word' id='word_1_208' title='bbox 577 2611 719 2661; x_wconf 77' lang='grc' dir='ltr'>Ἀγκύρᾳ</span> <span class='ocrx_word' id='word_1_209' title='bbox 738 2615 814 2658; x_wconf 88' lang='grc'><strong>533,</strong></span> <span class='ocrx_word' id='word_1_210' title='bbox 834 2621 887 2648; x_wconf 91' lang='lat'>21.</span> <span class='ocrx_word' id='word_1_211' title='bbox 925 2614 1016 2659; x_wconf 83' lang='grc' dir='ltr'>παρὰ</span> 
     </span>
     <span class='ocr_line' id='line_1_41' title="bbox 304 2670 1014 2719; baseline -0.001 -13"><span class='ocrx_word' id='word_1_212' title='bbox 304 2673 356 2718; x_wconf 80' lang='grc' dir='ltr'>τῷ</span> <span class='ocrx_word' id='word_1_213' title='bbox 374 2672 482 2719; x_wconf 76' lang='grc' dir='ltr'>βωμῷ</span> <span class='ocrx_word' id='word_1_214' title='bbox 498 2675 558 2707; x_wconf 86' lang='grc' dir='ltr'>τοῦ</span> <span class='ocrx_word' id='word_1_215' title='bbox 585 2670 756 2718; x_wconf 85' lang='grc' dir='ltr'>Σεβαστοῦ</span> <span class='ocrx_word' id='word_1_216' title='bbox 789 2672 866 2714; x_wconf 90' lang='grc'><strong>533,</strong></span> <span class='ocrx_word' id='word_1_217' title='bbox 886 2679 939 2706; x_wconf 79' lang='grc'>41.</span> <span class='ocrx_word' id='word_1_218' title='bbox 981 2671 1014 2705; x_wconf 83' lang='grc' dir='ltr'>ἐν</span> 
     </span>
     <span class='ocr_line' id='line_1_42' title="bbox 304 2725 1016 2775; baseline -0.001 -12"><span class='ocrx_word' id='word_1_219' title='bbox 304 2730 353 2775; x_wconf 76' lang='grc' dir='ltr'>τῷ</span> <span class='ocrx_word' id='word_1_220' title='bbox 385 2733 449 2774; x_wconf 82' lang='grc' dir='ltr'>τῆς</span> <span class='ocrx_word' id='word_1_221' title='bbox 482 2725 626 2775; x_wconf 82' lang='grc' dir='ltr'><strong>Ῥώμης</strong></span> <span class='ocrx_word' id='word_1_222' title='bbox 661 2728 719 2763; x_wconf 85' lang='grc' dir='ltr'>καὶ</span> <span class='ocrx_word' id='word_1_223' title='bbox 751 2732 810 2763; x_wconf 88' lang='grc' dir='ltr'>τοῦ</span> <span class='ocrx_word' id='word_1_224' title='bbox 845 2726 1016 2774; x_wconf 84' lang='grc' dir='ltr'>Σεβαστοῦ</span> 
     </span>
     <span class='ocr_line' id='line_1_43' title="bbox 303 2783 1015 2831; baseline 0 -12"><span class='ocrx_word' id='word_1_225' title='bbox 303 2785 433 2831; x_wconf 81' lang='grc' dir='ltr'>τεμένει</span> <span class='ocrx_word' id='word_1_226' title='bbox 450 2786 527 2830; x_wconf 86' lang='grc'><strong>458,</strong></span> <span class='ocrx_word' id='word_1_227' title='bbox 548 2793 600 2821; x_wconf 86' lang='grc'>63.</span> <span class='ocrx_word' id='word_1_228' title='bbox 622 2805 668 2811; x_wconf 88' lang='lat'>—-</span> <span class='ocrx_word' id='word_1_229' title='bbox 690 2783 874 2831; x_wconf 80' lang='grc' dir='ltr'>Καισάρηα</span> <span class='ocrx_word' id='word_1_230' title='bbox 891 2785 1015 2831; x_wconf 83' lang='grc' dir='ltr'>(ἑορτή)</span> 
     </span>
     <span class='ocr_line' id='line_1_44' title="bbox 304 2843 1016 2891; baseline 0.001 -16"><span class='ocrx_word' id='word_1_231' title='bbox 304 2844 382 2887; x_wconf 89' lang='grc'><strong>458,</strong></span> <span class='ocrx_word' id='word_1_232' title='bbox 403 2850 455 2877; x_wconf 88' lang='grc'>61.</span> <span class='ocrx_word' id='word_1_233' title='bbox 479 2861 526 2869; x_wconf 92' lang='grc'>--</span> <span class='ocrx_word' id='word_1_234' title='bbox 550 2843 637 2877; x_wconf 81' lang='grc' dir='ltr'>κατὰ</span> <span class='ocrx_word' id='word_1_235' title='bbox 663 2847 755 2889; x_wconf 82' lang='grc' dir='ltr'>μῆνα</span> <span class='ocrx_word' id='word_1_236' title='bbox 789 2843 824 2878; x_wconf 84' lang='grc' dir='ltr'>ἐν</span> <span class='ocrx_word' id='word_1_237' title='bbox 857 2843 901 2891; x_wconf 77' lang='grc' dir='ltr'>τῇ</span> <span class='ocrx_word' id='word_1_238' title='bbox 925 2855 1016 2890; x_wconf 89' lang='grc' dir='ltr'>γενε-</span> 
     </span>
    </p>
   </div>
   <div class='ocr_carea' id='block_1_8' title="bbox 305 2899 1014 2947">
    <p class='ocr_par' dir='ltr' id='par_1_9' title="bbox 305 2899 1014 2947">
     <span class='ocr_line' id='line_1_45' title="bbox 305 2899 1014 2947; baseline 0 -14"><span class='ocrx_word' id='word_1_239' title='bbox 305 2899 390 2944; x_wconf 84' lang='grc' dir='ltr'>θλίῳ</span> <span class='ocrx_word' id='word_1_240' title='bbox 428 2900 530 2934; x_wconf 84' lang='grc' dir='ltr'>αὐτοῦ</span> <span class='ocrx_word' id='word_1_241' title='bbox 571 2901 684 2947; x_wconf 80' lang='grc' dir='ltr'>ἡμέρᾳ</span> <span class='ocrx_word' id='word_1_242' title='bbox 725 2902 803 2944; x_wconf 85' lang='grc'><strong>456,</strong></span> <span class='ocrx_word' id='word_1_243' title='bbox 836 2907 890 2935; x_wconf 83' lang='grc'>20.</span> <span class='ocrx_word' id='word_1_244' title='bbox 953 2899 1014 2944; x_wconf 81' lang='grc' dir='ltr'>τὴν</span> 
     </span>
    </p>
   </div>
   <div class='ocr_carea' id='block_1_9' title="bbox 1135 561 1850 895">
    <p class='ocr_par' dir='ltr' id='par_1_10' title="bbox 1135 561 1850 895">
     <span class='ocr_line' id='line_1_46' title="bbox 1136 561 1849 611; baseline -0.001 -14"><span class='ocrx_word' id='word_1_245' title='bbox 1136 562 1311 609; x_wconf 82' lang='grc' dir='ltr'>γένεθλιον</span> <span class='ocrx_word' id='word_1_246' title='bbox 1321 562 1453 611; x_wconf 79' lang='grc' dir='ltr'>ἡμέραν</span> <span class='ocrx_word' id='word_1_247' title='bbox 1463 562 1566 598; x_wconf 86' lang='grc' dir='ltr'>αὐτοῦ</span> <span class='ocrx_word' id='word_1_248' title='bbox 1579 564 1659 607; x_wconf 87' lang='grc'><strong>456,</strong></span> <span class='ocrx_word' id='word_1_249' title='bbox 1670 569 1724 598; x_wconf 86' lang='grc'>28.</span> <span class='ocrx_word' id='word_1_250' title='bbox 1748 561 1771 607; x_wconf 88' lang='grc' dir='ltr'>ἡ</span> <span class='ocrx_word' id='word_1_251' title='bbox 1788 565 1849 596; x_wconf 85' lang='grc' dir='ltr'>τοῦ</span> 
     </span>
     <span class='ocr_line' id='line_1_47' title="bbox 1138 617 1850 667; baseline -0.001 -12"><span class='ocrx_word' id='word_1_252' title='bbox 1138 619 1316 655; x_wconf 83' lang='grc' dir='ltr'>θειοτάτου</span> <span class='ocrx_word' id='word_1_253' title='bbox 1343 618 1514 667; x_wconf 87' lang='grc' dir='ltr'>Καίσαρος</span> <span class='ocrx_word' id='word_1_254' title='bbox 1538 619 1711 667; x_wconf 82' lang='grc' dir='ltr'>γενέθλιος</span> <span class='ocrx_word' id='word_1_255' title='bbox 1735 617 1850 667; x_wconf 82' lang='grc' dir='ltr'>ἡμέρα</span> 
     </span>
     <span class='ocr_line' id='line_1_48' title="bbox 1137 674 1849 724; baseline 0 -14"><span class='ocrx_word' id='word_1_256' title='bbox 1137 678 1215 721; x_wconf 88' lang='grc'><strong>458,</strong></span> <span class='ocrx_word' id='word_1_257' title='bbox 1231 686 1260 712; x_wconf 83' lang='grc'><strong>4.</strong></span> <span class='ocrx_word' id='word_1_258' title='bbox 1301 678 1364 724; x_wconf 83' lang='grc' dir='ltr'>τὴν</span> <span class='ocrx_word' id='word_1_259' title='bbox 1388 681 1448 712; x_wconf 83' lang='grc' dir='ltr'>τοῦ</span> <span class='ocrx_word' id='word_1_260' title='bbox 1478 677 1650 724; x_wconf 86' lang='grc' dir='ltr'>θηοτάτου</span> <span class='ocrx_word' id='word_1_261' title='bbox 1674 674 1849 723; x_wconf 85' lang='grc' dir='ltr'>Καίσαρος</span> 
     </span>
     <span class='ocr_line' id='line_1_49' title="bbox 1136 733 1850 783; baseline 0 -15"><span class='ocrx_word' id='word_1_262' title='bbox 1136 734 1312 781; x_wconf 81' lang='grc' dir='ltr'>γενέθλιον</span> <span class='ocrx_word' id='word_1_263' title='bbox 1338 735 1416 779; x_wconf 88' lang='grc'><strong>458,</strong></span> <span class='ocrx_word' id='word_1_264' title='bbox 1435 741 1488 769; x_wconf 87' lang='grc'>22.</span> <span class='ocrx_word' id='word_1_265' title='bbox 1524 735 1568 783; x_wconf 74' lang='grc' dir='ltr'>τῇ</span> <span class='ocrx_word' id='word_1_266' title='bbox 1592 734 1656 781; x_wconf 88' lang='grc' dir='ltr'>πρὸ</span> <span class='ocrx_word' id='word_1_267' title='bbox 1676 733 1773 769; x_wconf 87' lang='grc' dir='ltr'>ἐννέα</span> <span class='ocrx_word' id='word_1_268' title='bbox 1786 746 1850 768; x_wconf 85' lang='grc' dir='ltr'>κα-</span> 
     </span>
     <span class='ocr_line' id='line_1_50' title="bbox 1135 788 1849 838; baseline 0 -13"><span class='ocrx_word' id='word_1_269' title='bbox 1135 790 1269 825; x_wconf 80' lang='grc' dir='ltr'>λανδῶν</span> <span class='ocrx_word' id='word_1_270' title='bbox 1291 788 1526 838; x_wconf 80' lang='grc' dir='ltr'>Ὀκτωβρίων,</span> <span class='ocrx_word' id='word_1_271' title='bbox 1551 791 1629 836; x_wconf 81' lang='grc' dir='ltr'>ἥτις</span> <span class='ocrx_word' id='word_1_272' title='bbox 1646 790 1734 825; x_wconf 80' lang='grc' dir='ltr'>ἐστὶν</span> <span class='ocrx_word' id='word_1_273' title='bbox 1757 791 1849 838; x_wconf 88' lang='grc' dir='ltr'>γενέ-</span> 
     </span>
     <span class='ocr_line' id='line_1_51' title="bbox 1137 847 1814 895; baseline -0.001 -12"><span class='ocrx_word' id='word_1_274' title='bbox 1137 847 1232 887; x_wconf 86' lang='grc' dir='ltr'>θλιος</span> <span class='ocrx_word' id='word_1_275' title='bbox 1257 847 1372 895; x_wconf 79' lang='grc' dir='ltr'>ἡμέρα</span> <span class='ocrx_word' id='word_1_276' title='bbox 1395 852 1455 883; x_wconf 89' lang='grc' dir='ltr'>τοῦ</span> <span class='ocrx_word' id='word_1_277' title='bbox 1482 847 1653 894; x_wconf 86' lang='grc' dir='ltr'>Σεβαστοῦ</span> <span class='ocrx_word' id='word_1_278' title='bbox 1677 849 1756 892; x_wconf 83' lang='grc'><strong>458,</strong></span> <span class='ocrx_word' id='word_1_279' title='bbox 1776 855 1814 882; x_wconf 86' lang='lat'>51</span> 
     </span>
    </p>
   </div>
   <div class='ocr_carea' id='block_1_10' title="bbox 1086 927 1851 1381">
    <p class='ocr_par' dir='ltr' id='par_1_11' title="bbox 1086 927 1851 1381">
     <span class='ocr_line' id='line_1_52' title="bbox 1275 927 1665 972; baseline 0 -10"><span class='ocrx_word' id='word_1_280' title='bbox 1275 927 1462 972; x_wconf 66' lang='lat' dir='ltr'><strong>Augusti</strong></span> <span class='ocrx_word' id='word_1_281' title='bbox 1486 929 1665 963; x_wconf 77' lang='lat' dir='ltr'><strong>familia.</strong></span> 
     </span>
     <span class='ocr_line' id='line_1_53' title="bbox 1086 987 1850 1038; baseline -0.004 -11"><span class='ocrx_word' id='word_1_282' title='bbox 1086 987 1293 1027; x_wconf 80' lang='grc' dir='ltr'>Ὀκταουίαν</span> <span class='ocrx_word' id='word_1_283' title='bbox 1316 991 1379 1037; x_wconf 75' lang='grc' dir='ltr'>-ι-ὴν</span> <span class='ocrx_word' id='word_1_284' title='bbox 1397 989 1570 1037; x_wconf 88' lang='grc' dir='ltr'>Καίσαρος</span> <span class='ocrx_word' id='word_1_285' title='bbox 1595 991 1658 1038; x_wconf 83' lang='grc' dir='ltr'>μὲν</span> <span class='ocrx_word' id='word_1_286' title='bbox 1682 989 1850 1037; x_wconf 75' lang='grc' dir='ltr'>ἀδελφήν,</span> 
     </span>
     <span class='ocr_line' id='line_1_54' title="bbox 1137 1045 1848 1095; baseline 0 -13"><span class='ocrx_word' id='word_1_287' title='bbox 1137 1048 1271 1095; x_wconf 81' lang='grc' dir='ltr'>μητέρα</span> <span class='ocrx_word' id='word_1_288' title='bbox 1296 1048 1334 1083; x_wconf 83' lang='grc' dir='ltr'>δὲ</span> <span class='ocrx_word' id='word_1_289' title='bbox 1358 1047 1484 1090; x_wconf 64' lang='grc' dir='ltr'>Σέξτου</span> <span class='ocrx_word' id='word_1_290' title='bbox 1498 1045 1707 1095; x_wconf 81' lang='grc' dir='ltr'>Ἀπποληῖου</span> <span class='ocrx_word' id='word_1_291' title='bbox 1730 1049 1811 1092; x_wconf 89' lang='grc'><strong>462,</strong></span> <span class='ocrx_word' id='word_1_292' title='bbox 1830 1055 1848 1082; x_wconf 85' lang='grc'>2</span> 
     </span>
     <span class='ocr_line' id='line_1_55' title="bbox 1086 1101 1849 1154; baseline -0.003 -13"><span class='ocrx_word' id='word_1_293' title='bbox 1086 1101 1233 1151; x_wconf 78' lang='grc' dir='ltr'>Ὀκταῖᾳ</span> <span class='ocrx_word' id='word_1_294' title='bbox 1276 1107 1322 1154; x_wconf 70' lang='grc' dir='ltr'>τῇ</span> <span class='ocrx_word' id='word_1_295' title='bbox 1371 1108 1439 1149; x_wconf 87' lang='grc' dir='ltr'>(τοῦ</span> <span class='ocrx_word' id='word_1_296' title='bbox 1486 1103 1669 1151; x_wconf 80' lang='grc' dir='ltr'>Σεβαστοῦ)</span> <span class='ocrx_word' id='word_1_297' title='bbox 1715 1103 1849 1153; x_wconf 74' lang='grc' dir='ltr'>ἀδελφῇ</span> 
     </span>
     <span class='ocr_line' id='line_1_56' title="bbox 1136 1164 1275 1207; baseline 0 -11"><span class='ocrx_word' id='word_1_298' title='bbox 1136 1164 1215 1207; x_wconf 83' lang='grc'><strong>456,</strong></span> <span class='ocrx_word' id='word_1_299' title='bbox 1237 1171 1275 1197; x_wconf 83' lang='lat'>57</span> 
     </span>
     <span class='ocr_line' id='line_1_57' title="bbox 1086 1216 1851 1267; baseline -0.003 -13"><span class='ocrx_word' id='word_1_300' title='bbox 1086 1216 1234 1258; x_wconf 80' lang='grc' dir='ltr'>Ἰουλίας</span> <span class='ocrx_word' id='word_1_301' title='bbox 1274 1218 1448 1267; x_wconf 83' lang='grc' dir='ltr'>Σεβαστῆς</span> <span class='ocrx_word' id='word_1_302' title='bbox 1495 1220 1574 1263; x_wconf 89' lang='grc'><strong>533,</strong></span> <span class='ocrx_word' id='word_1_303' title='bbox 1607 1226 1660 1254; x_wconf 81' lang='grc'>25.</span> <span class='ocrx_word' id='word_1_304' title='bbox 1720 1216 1851 1264; x_wconf 77' lang='grc' dir='ltr'>Ἰουλίᾳ</span> 
     </span>
     <span class='ocr_line' id='line_1_58' title="bbox 1137 1276 1794 1322; baseline -0.003 -10"><span class='ocrx_word' id='word_1_305' title='bbox 1137 1276 1307 1320; x_wconf 63' lang='grc' dir='ltr'>(Λιουίαῖ)</span> <span class='ocrx_word' id='word_1_306' title='bbox 1333 1278 1411 1322; x_wconf 90' lang='grc'><strong>456,</strong></span> <span class='ocrx_word' id='word_1_307' title='bbox 1430 1284 1471 1311; x_wconf 82' lang='grc'>56</span> <span class='ocrx_word' id='word_1_308' title='bbox 1787 1284 1794 1290; x_wconf 84' lang='grc'><em>“</em></span> 
     </span>
     <span class='ocr_line' id='line_1_59' title="bbox 1092 1331 1592 1381; baseline 0 -13"><span class='ocrx_word' id='word_1_309' title='bbox 1092 1332 1195 1372; x_wconf 79' lang='grc' dir='ltr'>Γάϊος</span> <span class='ocrx_word' id='word_1_310' title='bbox 1219 1331 1356 1381; x_wconf 87' lang='grc' dir='ltr'>Καῖσαρ</span> <span class='ocrx_word' id='word_1_311' title='bbox 1381 1335 1460 1378; x_wconf 87' lang='grc'><strong>459,</strong></span> <span class='ocrx_word' id='word_1_312' title='bbox 1481 1342 1532 1369; x_wconf 86' lang='grc'>19.</span> <span class='ocrx_word' id='word_1_313' title='bbox 1552 1341 1592 1369; x_wconf 83' lang='grc' dir='ltr'>2ο</span> 
     </span>
    </p>
   </div>
   <div class='ocr_carea' id='block_1_11' title="bbox 1087 1415 1848 2945">
    <p class='ocr_par' dir='ltr' id='par_1_12' title="bbox 1087 1415 1848 2945">
     <span class='ocr_line' id='line_1_60' title="bbox 1363 1415 1578 1448; baseline 0 0"><span class='ocrx_word' id='word_1_314' title='bbox 1363 1415 1578 1448; x_wconf 81' lang='lat' dir='ltr'><strong>Tiberius.</strong></span> 
     </span>
     <span class='ocr_line' id='line_1_61' title="bbox 1090 1474 1848 1523; baseline -0.003 -11"><span class='ocrx_word' id='word_1_315' title='bbox 1090 1475 1249 1522; x_wconf 87' lang='grc' dir='ltr'>Τιβερίου</span> <span class='ocrx_word' id='word_1_316' title='bbox 1267 1474 1440 1523; x_wconf 87' lang='grc' dir='ltr'>Καίσαρος</span> <span class='ocrx_word' id='word_1_317' title='bbox 1456 1478 1534 1521; x_wconf 89' lang='grc'><strong>661,</strong></span> <span class='ocrx_word' id='word_1_318' title='bbox 1545 1485 1575 1512; x_wconf 89' lang='grc'><strong>3.</strong></span> <span class='ocrx_word' id='word_1_319' title='bbox 1618 1475 1674 1510; x_wconf 83' lang='grc' dir='ltr'>ἐπὶ</span> <span class='ocrx_word' id='word_1_320' title='bbox 1690 1474 1848 1523; x_wconf 87' lang='grc' dir='ltr'>Τιβερίου</span> 
     </span>
     <span class='ocr_line' id='line_1_62' title="bbox 1136 1531 1848 1579; baseline -0.003 -10"><span class='ocrx_word' id='word_1_321' title='bbox 1136 1531 1310 1579; x_wconf 87' lang='grc' dir='ltr'>Καίσαρος</span> <span class='ocrx_word' id='word_1_322' title='bbox 1349 1532 1521 1579; x_wconf 87' lang='grc' dir='ltr'>Σεβαστοῦ</span> <span class='ocrx_word' id='word_1_323' title='bbox 1566 1535 1644 1578; x_wconf 92' lang='grc'><strong>660,</strong></span> <span class='ocrx_word' id='word_1_324' title='bbox 1675 1540 1704 1568; x_wconf 89' lang='grc'>1.</span> <span class='ocrx_word' id='word_1_325' title='bbox 1762 1531 1848 1579; x_wconf 81' lang='grc' dir='ltr'>ὑπὲρ</span> 
     </span>
     <span class='ocr_line' id='line_1_63' title="bbox 1135 1587 1848 1639; baseline -0.004 -13"><span class='ocrx_word' id='word_1_326' title='bbox 1135 1589 1395 1639; x_wconf 84' lang='grc' dir='ltr'>Αὐτοκράτορος</span> <span class='ocrx_word' id='word_1_327' title='bbox 1406 1589 1563 1637; x_wconf 88' lang='grc' dir='ltr'>Τιβερίου</span> <span class='ocrx_word' id='word_1_328' title='bbox 1579 1587 1753 1638; x_wconf 85' lang='grc' dir='ltr'>Καίσαρος</span> <span class='ocrx_word' id='word_1_329' title='bbox 1769 1589 1848 1624; x_wconf 87' lang='grc' dir='ltr'>νέου</span> 
     </span>
     <span class='ocr_line' id='line_1_64' title="bbox 1136 1646 1846 1694; baseline -0.004 -11"><span class='ocrx_word' id='word_1_330' title='bbox 1136 1647 1320 1693; x_wconf 85' lang='grc' dir='ltr'>Σεβαστοῦ,</span> <span class='ocrx_word' id='word_1_331' title='bbox 1339 1647 1420 1683; x_wconf 86' lang='grc' dir='ltr'>θεοῦ</span> <span class='ocrx_word' id='word_1_332' title='bbox 1439 1646 1611 1694; x_wconf 86' lang='grc' dir='ltr'>Σεβαστοῦ</span> <span class='ocrx_word' id='word_1_333' title='bbox 1628 1648 1704 1683; x_wconf 90' lang='grc' dir='ltr'>υἱοῦ</span> <span class='ocrx_word' id='word_1_334' title='bbox 1721 1648 1801 1691; x_wconf 84' lang='grc'><strong>661,</strong></span> <span class='ocrx_word' id='word_1_335' title='bbox 1817 1654 1846 1681; x_wconf 89' lang='grc'>1.</span> 
     </span>
     <span class='ocr_line' id='line_1_65' title="bbox 1136 1702 1597 1752; baseline 0 -12"><span class='ocrx_word' id='word_1_336' title='bbox 1136 1704 1283 1751; x_wconf 84' lang='grc' dir='ltr'>Τιβερίῳ</span> <span class='ocrx_word' id='word_1_337' title='bbox 1310 1702 1459 1752; x_wconf 86' lang='grc' dir='ltr'>Καίσαρι</span> <span class='ocrx_word' id='word_1_338' title='bbox 1484 1706 1562 1748; x_wconf 88' lang='lat'><strong>557,</strong></span> <span class='ocrx_word' id='word_1_339' title='bbox 1582 1713 1597 1740; x_wconf 93' lang='lat'><strong>1</strong></span> 
     </span>
     <span class='ocr_line' id='line_1_66' title="bbox 1183 1754 1847 1810; baseline -0.005 -13"><span class='ocrx_word' id='word_1_340' title='bbox 1183 1762 1278 1801; x_wconf 82' lang='grc' dir='ltr'>ἔτους</span> <span class='ocrx_word' id='word_1_341' title='bbox 1309 1754 1337 1796; x_wconf 85' lang='grc' dir='ltr'>ε’</span> <span class='ocrx_word' id='word_1_342' title='bbox 1360 1761 1516 1807; x_wconf 89' lang='grc' dir='ltr'>Τιβερίου</span> <span class='ocrx_word' id='word_1_343' title='bbox 1548 1760 1721 1810; x_wconf 85' lang='grc' dir='ltr'>Καίσαρος</span> <span class='ocrx_word' id='word_1_344' title='bbox 1754 1760 1847 1806; x_wconf 75' lang='lat' dir='ltr'><strong>(18s9</strong></span> 
     </span>
     <span class='ocr_line' id='line_1_67' title="bbox 1227 1820 1538 1863; baseline 0.003 -10"><span class='ocrx_word' id='word_1_345' title='bbox 1227 1830 1261 1863; x_wconf 90' lang='lat' dir='ltr'>p.</span> <span class='ocrx_word' id='word_1_346' title='bbox 1281 1820 1372 1862; x_wconf 81' lang='lat' dir='ltr'><strong>Chr.)</strong></span> <span class='ocrx_word' id='word_1_347' title='bbox 1399 1820 1478 1863; x_wconf 90' lang='grc'><strong>660,</strong></span> <span class='ocrx_word' id='word_1_348' title='bbox 1499 1826 1538 1854; x_wconf 87' lang='grc'>10</span> 
     </span>
     <span class='ocr_line' id='line_1_68' title="bbox 1181 1872 1847 1923; baseline -0.006 -11"><span class='ocrx_word' id='word_1_349' title='bbox 1181 1875 1325 1923; x_wconf 85' lang='grc' dir='ltr'>Τιβερίῳ</span> <span class='ocrx_word' id='word_1_350' title='bbox 1343 1874 1491 1922; x_wconf 88' lang='grc' dir='ltr'>Καίσαρι</span> <span class='ocrx_word' id='word_1_351' title='bbox 1513 1875 1608 1919; x_wconf 72' lang='grc' dir='ltr'>θεῶι,</span> <span class='ocrx_word' id='word_1_352' title='bbox 1633 1875 1716 1911; x_wconf 86' lang='grc' dir='ltr'>θεοῦ</span> <span class='ocrx_word' id='word_1_353' title='bbox 1739 1872 1847 1920; x_wconf 86' lang='grc' dir='ltr'>Σεβα-</span> 
     </span>
     <span class='ocr_line' id='line_1_69' title="bbox 1227 1931 1848 1979; baseline 0 -13"><span class='ocrx_word' id='word_1_354' title='bbox 1227 1937 1305 1967; x_wconf 84' lang='grc' dir='ltr'>στοῦ</span> <span class='ocrx_word' id='word_1_355' title='bbox 1330 1933 1409 1979; x_wconf 80' lang='grc' dir='ltr'><strong>υἱῷ,</strong></span> <span class='ocrx_word' id='word_1_356' title='bbox 1434 1932 1667 1979; x_wconf 86' lang='grc' dir='ltr'>αὐτοκράτορι,</span> <span class='ocrx_word' id='word_1_357' title='bbox 1692 1931 1848 1978; x_wconf 80' lang='grc' dir='ltr'>ἀρχιερεῖ</span> 
     </span>
     <span class='ocr_line' id='line_1_70' title="bbox 1227 1987 1844 2037; baseline -0.002 -14"><span class='ocrx_word' id='word_1_358' title='bbox 1227 1990 1386 2036; x_wconf 79' lang='grc' dir='ltr'>μεγίστῳ,</span> <span class='ocrx_word' id='word_1_359' title='bbox 1405 1989 1624 2037; x_wconf 83' lang='grc' dir='ltr'>δημαρχικῆς</span> <span class='ocrx_word' id='word_1_360' title='bbox 1638 1987 1789 2029; x_wconf 81' lang='grc' dir='ltr'>ἐξουσίας</span> <span class='ocrx_word' id='word_1_361' title='bbox 1805 1988 1844 2022; x_wconf 78' lang='grc' dir='ltr'>τὸ</span> 
     </span>
     <span class='ocr_line' id='line_1_71' title="bbox 1225 2038 1662 2090; baseline 0 -10"><span class='ocrx_word' id='word_1_362' title='bbox 1225 2038 1279 2080; x_wconf 71' lang='grc' dir='ltr'>λα’</span> <span class='ocrx_word' id='word_1_363' title='bbox 1305 2047 1359 2088; x_wconf 87' lang='lat'>(29</span> <span class='ocrx_word' id='word_1_364' title='bbox 1376 2056 1411 2090; x_wconf 85' lang='lat' dir='ltr'>p.</span> <span class='ocrx_word' id='word_1_365' title='bbox 1430 2047 1523 2089; x_wconf 79' lang='lat' dir='ltr'><strong>chr.)</strong></span> <span class='ocrx_word' id='word_1_366' title='bbox 1549 2046 1626 2088; x_wconf 85' lang='lat'><strong>583,</strong></span> <span class='ocrx_word' id='word_1_367' title='bbox 1647 2053 1662 2080; x_wconf 90' lang='lat'><strong>1</strong></span> 
     </span>
     <span class='ocr_line' id='line_1_72' title="bbox 1179 2098 1843 2148; baseline -0.003 -10"><span class='ocrx_word' id='word_1_368' title='bbox 1179 2102 1334 2148; x_wconf 88' lang='grc' dir='ltr'>Τιβερίου</span> <span class='ocrx_word' id='word_1_369' title='bbox 1351 2098 1425 2141; x_wconf 57' lang='grc' dir='ltr'>[ις’</span> <span class='ocrx_word' id='word_1_370' title='bbox 1435 2102 1550 2148; x_wconf 83' lang='lat' dir='ltr'>(29s30</span> <span class='ocrx_word' id='word_1_371' title='bbox 1559 2113 1594 2146; x_wconf 90' lang='lat' dir='ltr'>p.</span> <span class='ocrx_word' id='word_1_372' title='bbox 1602 2103 1694 2145; x_wconf 90' lang='lat' dir='ltr'><strong>Chr.)</strong></span> <span class='ocrx_word' id='word_1_373' title='bbox 1714 2102 1792 2144; x_wconf 88' lang='lat'><strong>583,</strong></span> <span class='ocrx_word' id='word_1_374' title='bbox 1804 2108 1843 2136; x_wconf 80' lang='lat'>15</span> 
     </span>
     <span class='ocr_line' id='line_1_73' title="bbox 1180 2157 1844 2205; baseline -0.002 -11"><span class='ocrx_word' id='word_1_375' title='bbox 1180 2158 1337 2205; x_wconf 81' lang='grc' dir='ltr'>Τιβέριος</span> <span class='ocrx_word' id='word_1_376' title='bbox 1371 2157 1518 2205; x_wconf 86' lang='grc' dir='ltr'>Καῖσαρ,</span> <span class='ocrx_word' id='word_1_377' title='bbox 1550 2159 1634 2195; x_wconf 84' lang='grc' dir='ltr'>θεοῦ</span> <span class='ocrx_word' id='word_1_378' title='bbox 1670 2157 1844 2205; x_wconf 77' lang='grc' dir='ltr'>Σεβαστοῦ</span> 
     </span>
     <span class='ocr_line' id='line_1_74' title="bbox 1226 2213 1828 2260; baseline 0.002 -10"><span class='ocrx_word' id='word_1_379' title='bbox 1226 2215 1309 2260; x_wconf 82' lang='grc' dir='ltr'><strong>υἱός,</strong></span> <span class='ocrx_word' id='word_1_380' title='bbox 1340 2215 1423 2251; x_wconf 83' lang='grc' dir='ltr'>θεοῦ</span> <span class='ocrx_word' id='word_1_381' title='bbox 1444 2213 1592 2251; x_wconf 89' lang='grc' dir='ltr'>Ἰουλίου</span> <span class='ocrx_word' id='word_1_382' title='bbox 1616 2216 1751 2260; x_wconf 83' lang='grc' dir='ltr'>υἱωνός,</span> <span class='ocrx_word' id='word_1_383' title='bbox 1784 2213 1828 2250; x_wconf 89' lang='grc' dir='ltr'>Σε</span> 
     </span>
     <span class='ocr_line' id='line_1_75' title="bbox 1227 2271 1827 2320; baseline 0 -14"><span class='ocrx_word' id='word_1_384' title='bbox 1227 2273 1359 2318; x_wconf 80' lang='grc' dir='ltr'>βαστός,</span> <span class='ocrx_word' id='word_1_385' title='bbox 1385 2273 1562 2320; x_wconf 83' lang='grc' dir='ltr'>ἀρχιερεὺς</span> <span class='ocrx_word' id='word_1_386' title='bbox 1587 2272 1753 2319; x_wconf 83' lang='grc' dir='ltr'>μέγιστος,</span> <span class='ocrx_word' id='word_1_387' title='bbox 1785 2271 1827 2319; x_wconf 86' lang='grc' dir='ltr'>δη</span> 
     </span>
     <span class='ocr_line' id='line_1_76' title="bbox 1228 2321 1836 2378; baseline -0.002 -14"><span class='ocrx_word' id='word_1_388' title='bbox 1228 2335 1399 2378; x_wconf 82' lang='grc' dir='ltr'>μαρχικῆς</span> <span class='ocrx_word' id='word_1_389' title='bbox 1417 2330 1568 2372; x_wconf 80' lang='grc' dir='ltr'>ἐξουσίας</span> <span class='ocrx_word' id='word_1_390' title='bbox 1591 2321 1653 2376; x_wconf 86' lang='grc' dir='ltr'><strong>λγ’,</strong></span> <span class='ocrx_word' id='word_1_391' title='bbox 1677 2327 1836 2375; x_wconf 71' lang='grc' dir='ltr'>αὐτοκρά</span> 
     </span>
     <span class='ocr_line' id='line_1_77' title="bbox 1224 2379 1767 2435; baseline 0 -14"><span class='ocrx_word' id='word_1_392' title='bbox 1224 2400 1292 2435; x_wconf 86' lang='grc' dir='ltr'>τωρ</span> <span class='ocrx_word' id='word_1_393' title='bbox 1324 2380 1368 2432; x_wconf 89' lang='grc' dir='ltr'>η’,</span> <span class='ocrx_word' id='word_1_394' title='bbox 1406 2387 1533 2425; x_wconf 75' lang='grc' dir='ltr'>ὕπατος</span> <span class='ocrx_word' id='word_1_395' title='bbox 1558 2379 1594 2431; x_wconf 85' lang='grc' dir='ltr'>ε’,</span> <span class='ocrx_word' id='word_1_396' title='bbox 1629 2386 1767 2432; x_wconf 76' lang='grc' dir='ltr'>κτίστης</span> 
     </span>
     <span class='ocr_line' id='line_1_78' title="bbox 1225 2443 1823 2491; baseline -0.002 -13"><span class='ocrx_word' id='word_1_397' title='bbox 1225 2445 1334 2491; x_wconf 79' lang='grc' dir='ltr'>καιρῷ</span> <span class='ocrx_word' id='word_1_398' title='bbox 1351 2443 1484 2478; x_wconf 81' lang='grc' dir='ltr'>δώδεκα</span> <span class='ocrx_word' id='word_1_399' title='bbox 1496 2443 1629 2478; x_wconf 82' lang='grc' dir='ltr'>πόλεων</span> <span class='ocrx_word' id='word_1_400' title='bbox 1645 2444 1695 2487; x_wconf 88' lang='grc'>(31</span> <span class='ocrx_word' id='word_1_401' title='bbox 1706 2453 1740 2487; x_wconf 87' lang='lat' dir='ltr'>p.</span> <span class='ocrx_word' id='word_1_402' title='bbox 1749 2444 1823 2478; x_wconf 82' lang='lat' dir='ltr'>Chr</span> 
     </span>
     <span class='ocr_line' id='line_1_79' title="bbox 1225 2502 1826 2545; baseline 0 -11"><span class='ocrx_word' id='word_1_403' title='bbox 1225 2502 1303 2545; x_wconf 87' lang='lat'><strong>471,</strong></span> <span class='ocrx_word' id='word_1_404' title='bbox 1325 2509 1339 2535; x_wconf 92' lang='lat'><strong>1</strong></span> <span class='ocrx_word' id='word_1_405' title='bbox 1823 2506 1826 2508; x_wconf 62' lang='grc'>’</span> 
     </span>
     <span class='ocr_line' id='line_1_80' title="bbox 1180 2550 1821 2605; baseline -0.003 -13"><span class='ocrx_word' id='word_1_406' title='bbox 1180 2558 1276 2595; x_wconf 83' lang='grc' dir='ltr'>ἔτους</span> <span class='ocrx_word' id='word_1_407' title='bbox 1303 2550 1348 2592; x_wconf 88' lang='grc' dir='ltr'>ιθ’</span> <span class='ocrx_word' id='word_1_408' title='bbox 1371 2556 1529 2605; x_wconf 85' lang='grc' dir='ltr'>Τιβερίου</span> <span class='ocrx_word' id='word_1_409' title='bbox 1554 2555 1725 2604; x_wconf 85' lang='grc' dir='ltr'>Καίσαρος</span> <span class='ocrx_word' id='word_1_410' title='bbox 1751 2557 1821 2600; x_wconf 80' lang='lat'><strong>(31</strong></span> 
     </span>
     <span class='ocr_line' id='line_1_81' title="bbox 1224 2615 1511 2658; baseline 0 -10"><span class='ocrx_word' id='word_1_411' title='bbox 1224 2625 1259 2658; x_wconf 91' lang='lat' dir='ltr'>p.</span> <span class='ocrx_word' id='word_1_412' title='bbox 1278 2615 1371 2656; x_wconf 83' lang='lat' dir='ltr'><strong>Chr.)</strong></span> <span class='ocrx_word' id='word_1_413' title='bbox 1398 2616 1475 2658; x_wconf 88' lang='grc'><strong>204,</strong></span> <span class='ocrx_word' id='word_1_414' title='bbox 1495 2623 1511 2648; x_wconf 84' lang='grc'>8</span> 
     </span>
     <span class='ocr_line' id='line_1_82' title="bbox 1178 2664 1823 2718; baseline -0.003 -13"><span class='ocrx_word' id='word_1_415' title='bbox 1178 2664 1234 2706; x_wconf 83' lang='grc' dir='ltr'>κα’</span> <span class='ocrx_word' id='word_1_416' title='bbox 1258 2671 1332 2709; x_wconf 84' lang='grc' dir='ltr'>ἔτος</span> <span class='ocrx_word' id='word_1_417' title='bbox 1355 2669 1513 2718; x_wconf 88' lang='grc' dir='ltr'>Τιβερίου</span> <span class='ocrx_word' id='word_1_418' title='bbox 1539 2669 1711 2717; x_wconf 86' lang='grc' dir='ltr'>Καίσαρος</span> <span class='ocrx_word' id='word_1_419' title='bbox 1736 2666 1823 2715; x_wconf 73' lang='grc' dir='ltr'>Σεβ</span> 
     </span>
     <span class='ocr_line' id='line_1_83' title="bbox 1226 2727 1823 2771; baseline -0.007 -9"><span class='ocrx_word' id='word_1_420' title='bbox 1226 2731 1304 2762; x_wconf 88' lang='grc' dir='ltr'>στοῦ</span> <span class='ocrx_word' id='word_1_421' title='bbox 1331 2727 1423 2770; x_wconf 76' lang='grc'><strong>(3314</strong></span> <span class='ocrx_word' id='word_1_422' title='bbox 1440 2738 1475 2771; x_wconf 90' lang='lat' dir='ltr'>p.</span> <span class='ocrx_word' id='word_1_423' title='bbox 1494 2729 1587 2770; x_wconf 89' lang='lat' dir='ltr'><strong>Chr.)</strong></span> <span class='ocrx_word' id='word_1_424' title='bbox 1613 2729 1691 2771; x_wconf 90' lang='grc'><strong>205,</strong></span> <span class='ocrx_word' id='word_1_425' title='bbox 1710 2734 1742 2762; x_wconf 85' lang='grc'>6.</span> <span class='ocrx_word' id='word_1_426' title='bbox 1762 2733 1778 2760; x_wconf 89' lang='grc'><strong>7</strong></span> <span class='ocrx_word' id='word_1_427' title='bbox 1819 2754 1823 2758; x_wconf 70' lang='grc'><strong>,</strong></span> 
     </span>
     <span class='ocr_line' id='line_1_84' title="bbox 1087 2782 1753 2832; baseline -0.006 -11"><span class='ocrx_word' id='word_1_428' title='bbox 1087 2785 1245 2832; x_wconf 88' lang='grc' dir='ltr'>Τιβερίου</span> <span class='ocrx_word' id='word_1_429' title='bbox 1271 2782 1443 2832; x_wconf 86' lang='grc' dir='ltr'>Καίσαρος</span> <span class='ocrx_word' id='word_1_430' title='bbox 1470 2783 1640 2829; x_wconf 89' lang='grc' dir='ltr'>Σεβαστοῦ</span> <span class='ocrx_word' id='word_1_431' title='bbox 1671 2786 1753 2818; x_wconf 88' lang='grc' dir='ltr'>ναοῦ</span> 
     </span>
     <span class='ocr_line' id='line_1_85' title="bbox 1133 2837 1787 2891; baseline -0.005 -15"><span class='ocrx_word' id='word_1_432' title='bbox 1133 2842 1329 2889; x_wconf 84' lang='grc' dir='ltr'>ἀγάλματος</span> <span class='ocrx_word' id='word_1_433' title='bbox 1355 2842 1431 2885; x_wconf 88' lang='grc'><strong>583,</strong></span> <span class='ocrx_word' id='word_1_434' title='bbox 1452 2850 1481 2876; x_wconf 85' lang='grc'>7.</span> <span class='ocrx_word' id='word_1_435' title='bbox 1521 2842 1565 2891; x_wconf 75' lang='grc' dir='ltr'>τῇ</span> <span class='ocrx_word' id='word_1_436' title='bbox 1587 2840 1728 2888; x_wconf 83' lang='grc' dir='ltr'>γενεσίῳ</span> <span class='ocrx_word' id='word_1_437' title='bbox 1746 2837 1787 2874; x_wconf 94' lang='grc' dir='ltr'>Τι</span> 
     </span>
     <span class='ocr_line' id='line_1_86' title="bbox 1134 2899 1427 2945; baseline -0.007 -12"><span class='ocrx_word' id='word_1_438' title='bbox 1134 2899 1204 2945; x_wconf 84' lang='grc' dir='ltr'>ρίου</span> <span class='ocrx_word' id='word_1_439' title='bbox 1230 2900 1308 2942; x_wconf 87' lang='grc'><strong>583,</strong></span> <span class='ocrx_word' id='word_1_440' title='bbox 1331 2906 1368 2932; x_wconf 85' lang='grc'>15</span> <span class='ocrx_word' id='word_1_441' title='bbox 1423 2913 1427 2916; x_wconf 50' lang='grc'>“</span> 
     </span>
    </p>
   </div>
   <div class='ocr_carea' id='block_1_12' title="bbox 1779 1613 1858 3028">
    <p class='ocr_par' dir='ltr' id='par_1_13' title="bbox 1779 1613 1858 3028">
     <span class='ocr_line' id='line_1_87' title="bbox 1850 1613 1858 1726; baseline 0 0"><span class='ocrx_word' id='word_1_442' title='bbox 1850 1613 1858 1726; x_wconf 95' lang='lat' dir='ltr'>   </span> 
     </span>
     <span class='ocr_line' id='line_1_88' title="bbox 1848 1726 1858 1907; baseline 0 -65"><span class='ocrx_word' id='word_1_443' title='bbox 1848 1726 1858 1907; x_wconf 95' lang='lat' dir='ltr'>   </span> 
     </span>
     <span class='ocr_line' id='line_1_89' title="bbox 1845 1907 1858 2073; baseline 0 0"><span class='ocrx_word' id='word_1_444' title='bbox 1845 1907 1858 2073; x_wconf 95' lang='lat' dir='ltr'>    </span> 
     </span>
     <span class='ocr_line' id='line_1_90' title="bbox 1828 2073 1858 2406; baseline 0 -113"><span class='ocrx_word' id='word_1_445' title='bbox 1828 2073 1858 2406; x_wconf 95' lang='lat' dir='ltr'>      </span> 
     </span>
     <span class='ocr_line' id='line_1_91' title="bbox 1803 2411 1858 2745; baseline 0 0"><span class='ocrx_word' id='word_1_446' title='bbox 1803 2411 1858 2745; x_wconf 95' lang='lat' dir='ltr'>    </span> 
     </span>
     <span class='ocr_line' id='line_1_92' title="bbox 1779 2745 1858 3028; baseline 0 -218"><span class='ocrx_word' id='word_1_447' title='bbox 1779 2745 1858 3028; x_wconf 95' lang='lat' dir='ltr'>   </span> 
     </span>
    </p>
   </div>
   <div class='ocr_carea' id='block_1_13' title="bbox 1821 2907 1849 3126">
    <p class='ocr_par' dir='ltr' id='par_1_14' title="bbox 1818 2907 1849 3126">
     <span class='ocr_line' id='line_1_93' title="bbox 1821 2907 1849 3126; textangle 90"><span class='ocrx_word' id='word_1_448' title='bbox 1821 3067 1849 3126; x_wconf 46' lang='grc' dir='ltr'>αἶρε-</span> <span class='ocrx_word' id='word_1_449' title='bbox 1827 3029 1847 3048; x_wconf 71' lang='lat' dir='ltr'>:J</span> <span class='ocrx_word' id='word_1_450' title='bbox 1821 2907 1839 3016; x_wconf 42' lang='lat' dir='ltr'>2⁶46&amp;st</span> 
     </span>
    </p>
   </div>
  </div>
 </body>
</html>
