1858 3126
268 142 352 184 692

266 277 460 325 παροδεύω·
490 277 549 312 καὶ
571 277 824 323 προπέμψαντα
852 275 895 311 τὰ
917 289 1022 322 παρο-

310 334 452 370 δεύοντα
476 333 533 369 ἐπὶ
555 334 613 369 τὸν
638 334 723 380 πρὸς
739 332 898 380 Πάρθους
919 332 1021 368 πόλε-

312 404 375 437 μον
401 390 653 438 (στρατεύματα)
681 392 758 435 544,
774 398 814 426 32

264 448 431 497 πάροδος·
473 448 507 483 ἐν
548 449 590 496 τῇ
627 453 694 483 τῶν
732 447 845 495 ὄχλων
882 447 1021 495 παρόδῳ

311 507 449 550 544,19

265 563 453 611 παροικέω·
477 565 552 601 τοῖς
575 581 621 587 -—
645 565 844 610 παροικοῦσι
867 565 942 600 ταῖς
958 574 1021 596 πυ-

311 619 427 666 ραμίσι
451 621 530 664 666,
551 627 590 655 13

263 678 441 724 πάροικοι·
482 677 516 711 ἐν
544 674 636 722 Ἰλίῳ
669 677 748 720 219,
767 683 820 710 31.
867 675 903 710 ἐν
934 674 1021 722 Περ-

307 735 409 782 γάμῳ
443 734 522 778 338,
542 740 595 768 12.
614 741 666 768 20.
693 741 746 768 94.
772 740 826 768 36.
873 733 907 767 ἐν
937 731 1021 768 Τελ-

309 797 444 839 μησσῶι
461 792 578 835 55,29.
616 789 775 825 δεδόσθαι
791 790 961 825 πολιτείαν
975 810 1022 815 -—

306 853 379 887 τοῖς
403 847 670 894 ἀναφερομένοις
689 846 723 881 ἐν
747 851 823 886 ταῖς
845 853 913 882 τῶν
938 860 1021 895 παρ-

308 905 410 941 οίκων
447 905 663 952 ἀπογραφαῖς
693 905 843 948 338,11.
865 912 917 939 34.
973 903 1021 943 εἰς

306 962 386 1001 τοὺς
429 961 615 1007 παροίκους
663 960 892 1007 μετατεθῆναι
943 962 1020 1005 338,

309 1026 363 1055 20.
384 1026 437 1053 36.
476 1022 537 1053 τοῦ
562 1021 679 1052 κοινοῦ
702 1023 770 1052 τῶν
787 1015 1020 1064 Ἀραγουηνῶν

307 1076 481 1124 παροίκων
505 1075 566 1110 καὶ
589 1080 746 1122 γεωργῶν
773 1076 851 1118 519,
871 1083 886 1108 7

261 1132 497 1181 παρομολογία
521 1133 598 1175 607,
619 1139 635 1164 7

260 1190 440 1238 παροράω·
481 1189 666 1235 ἀναγκαῖον
705 1181 826 1234 ᾤμεθα
865 1188 1019 1235 παριδεῖν

307 1250 338 1291 5,
359 1255 410 1282 14.
432 1254 472 1280 15

260 1304 450 1351 παροργίζω
459 1313 467 1321 ·
481 1303 566 1337 ὅπου
580 1303 657 1341 θεὸς
669 1301 898 1349 παρωργίζετο
908 1302 986 1345 610,
995 1308 1011 1334 4

259 1362 438 1408 παρόριος·
474 1361 509 1394 ἐν
542 1359 726 1405 αὐστηροῖς
760 1359 878 1396 τόποις
912 1370 1015 1406 παρο-

306 1418 386 1465 ρίοις
409 1418 453 1466 τῇ
478 1415 642 1462 Αἰθιοπίᾳ
668 1417 745 1459 168,
768 1423 807 1450 57

258 1475 465 1521 παρορμάω·
490 1473 768 1521 παρορμωμένων
783 1471 917 1506 πάντων
935 1472 1017 1516 πρὸς

304 1533 341 1566 τὸ
367 1530 557 1578 φιλοδοξεῖν
583 1531 660 1573 339,
681 1537 718 1563 91
1050 1516 1054 1571 Ι

258 1587 440 1634 παρουσία·
467 1586 693 1634 ἀναγκάζουσι
716 1586 808 1631 ἡμᾶς
833 1585 1017 1631 παρουσίας

304 1644 421 1683 αὑτοῖς
445 1648 555 1679 ποιεῖν
582 1644 660 1687 139,
680 1650 710 1677 9.
758 1642 1017 1688 ὑπηρετήσαντα

302 1701 471 1748 παρουσίᾳ
510 1701 660 1746 διηνεκεῖ
699 1696 888 1734 Ῥουτιλίου
929 1696 1016 1747 Κρι-

304 1759 437 1794 σπείνου
463 1761 523 1793 τοῦ
547 1756 769 1804 ἡγησαμένου
794 1757 872 1800 640,
892 1764 908 1790 7

256 1815 410 1862 παροχή·
461 1813 694 1860 μισθουμένης
731 1817 889 1860 παροχῆς
938 1814 1014 1856 (τῶν

303 1871 442 1918 ἱερείων)
469 1873 548 1915 764,
567 1878 606 1905 44

255 1929 442 1977 παρρησία·
482 1928 681 1973 κεκόσμηκε
716 1927 773 1961 τὸν
807 1925 910 1961 αὑτοῦ
942 1926 1013 1972 βίον

299 1987 343 2033 τῇ
362 1985 528 2033 καλλίστῃ
554 1983 727 2030 παρρησίᾳ
751 1985 829 2028 323,
851 1991 890 2017 10

253 2042 464 2088 παστοφόροι
488 2042 566 2085 736,
586 2048 602 2075 8

253 2099 391 2146 πάσχω·
438 2099 496 2133 τὸν
536 2097 743 2145 τεχνάζοντα
781 2096 925 2144 πάσχειν
966 2096 1012 2135 ὡς

297 2155 453 2225 ἡγεμόνα
477 2153 678 2200 ὀλιγαρχίας
703 2153 864 2197 218,115

253 2213 364 2258 πατήρ
383 2210 538 2257 passim.
578 2210 690 2257 πατὴρ
707 2210 866 2257 πατρίδος
891 2211 970 2254 379,
981 2217 1010 2244 6.

296 2271 438 2313 470,13.
458 2270 535 2312 506,
549 2275 578 2302 6.
604 2268 682 2311 575,
693 2276 723 2302 7.
746 2268 823 2311 576,
834 2275 863 2301 6.
890 2268 969 2311 624,
979 2274 1010 2300 4.

298 2327 376 2369 625,
397 2333 427 2360 3.
453 2326 531 2369 629,
550 2332 580 2359 2.
607 2326 685 2369 701,
705 2333 721 2359 ⁷

250 2382 433 2430 πατρικός·
458 2387 533 2427 τῶμ
557 2387 730 2427 πατρικῶν
756 2381 864 2428 φίλων
889 2381 1009 2424 227,9.

297 2441 462 2484 πατρικοῦ
487 2438 570 2473 θεοῦ
594 2439 674 2481 418,
695 2445 712 2472 3

249 2495 391 2541 πάτριος
425 2494 581 2540 passim.
637 2492 774 2529 Λυκίων
817 2494 855 2528 τὸ
895 2493 1009 2527 κοινὸν

295 2551 527 2597 κομισάμενον
559 2550 622 2596 τὴν
657 2550 799 2596 πάτριον
835 2550 1010 2596 δημοκρά-

294 2609 367 2644 τίαν
395 2610 473 2652 551,
495 2616 524 2643 1.
563 2610 682 2642 κισσοῦ
708 2606 860 2653 στεφάνῳ
879 2606 1009 2653 πατρίῳ

293 2668 351 2711 49,
372 2674 402 2701 8.
454 2665 542 2700 κατὰ
571 2664 614 2698 τὰ
650 2664 774 2711 πάτριοι
810 2665 865 2708 50,
887 2672 917 2698 5.
955 2664 1009 2707 51,

299 2731 338 2758 56
357 2723 404 2758 al.

248 2781 370 2826 πατρίς
389 2779 537 2825 passim

246 2837 402 2884 πατριστί
425 2838 482 2880 46,
499 2845 515 2871 7

246 2893 415 2940 πατρόθεν
441 2894 527 2933 222,
550 2901 601 2928 41.
619 2901 659 2928 44

982 141 1132 174 Indices.

1094 277 1410 323 πατροπαράδοτος·
1433 277 1729 325 πατροπαράδοτον
1746 278 1848 326 αὑτὸγ

1141 333 1215 378 (Δία
1240 333 1430 385 Σαβάζιον)μ
1454 334 1626 381 κομίσασα
1661 334 1849 381 (βασίλισσα

1140 389 1360 439 Στρατονίκη)
1390 391 1439 431 είς
1467 393 1541 438 τὴμ
1573 392 1717 438 πατρίδα
1746 392 1850 439 ἡμῶν

1141 447 1397 496 (Περγαμηνῶν)
1422 449 1500 494 331,
1518 457 1559 484 49

1092 505 1229 552 πάτρων
1271 507 1473 551 (patronus)
1520 507 1600 550 448,
1631 514 1661 541 3.
1705 507 1785 551 452,
1816 514 1849 542 3.

1139 564 1257 607 460,3.
1274 564 1393 608 463‚5.
1418 564 1536 607 546,9.
1562 564 1679 608 564‚·1.
1705 565 1848 608 567‚2s.

1138 621 1253 664 643,s

1091 678 1248 723 πατρῷος
1267 676 1413 722 passim

1091 733 1207 767 παύω·
1232 734 1396 780 πονηρίας
1419 734 1479 769 καὶ
1501 734 1702 779 διασεισμῶν
1719 745 1851 768 πεπαυ-

1139 790 1249 835 μένων
1275 792 1420 835 519,11.
1471 790 1552 829 τοὺς
1583 790 1690 825 πάλαι
1713 792 1850 825 στασιά-

1138 847 1278 887 ζοντας.
1305 846 1531 894 Χριστιανοὺς
1569 867 1616 872 --
1653 847 1851 883 πεπαῦσθαι

1137 905 1276 948 569,1s

1091 959 1227 999 πεδιάς·
1251 961 1313 1006 τὴν
1338 960 1482 996 πεδιάδα
1504 962 1620 1008 χώραν
1646 961 1724 1005 335,
1745 969 1807 996 133

1091 1016 1223 1052 πεδίον·
1270 1017 1309 1064 ἐγ
1349 1014 1484 1052 Καΐκου
1521 1017 1628 1065 πεδίῳ
1668 1018 1746 1062 335,
1770 1025 1848 1054 120.

1138 1073 1236 1108 πεδία
1260 1075 1316 1118 90,
1336 1081 1389 1109 25.
1417 1075 1494 1118 199,
1512 1081 1553 1110 20

1091 1130 1237 1170 πεζεύω·
1274 1130 1478 1172 πεζεύεσθαι
1505 1130 1648 1177 ἐποίησα
1675 1132 1738 1178 τὴν
1769 1131 1849 1166 ὁδὸν

1137 1187 1204 1222 ἀπὸ
1227 1193 1295 1222 τῶν
1324 1192 1387 1234 τῆς
1417 1187 1504 1234 ἐμῆς
1537 1187 1710 1234 βασιλείας
1731 1188 1858 1228 τόπων4

1139 1245 1240 1291 μέχρι
1262 1243 1436 1292 Αἰγύπτου
1464 1246 1540 1289 199,
1561 1253 1599 1279 14

1090 1301 1226 1341 πεζικὸν
1267 1302 1459 1348 στράτευμα
1500 1302 1576 1346 199,
1603 1309 1656 1337 27.
1711 1302 1858 1342 πεζικαὶι

1136 1358 1296 1403 δυνάμεις
1322 1359 1376 1403 54,
1395 1367 1425 1394 9.
1450 1360 1580 1403 90,20.
1607 1359 1684 1404 155,
1703 1367 1720 1394 3

1089 1415 1188 1455 πεζός
1228 1417 1306 1459 270,
1325 1423 1355 1450 3.
1411 1415 1507 1456 πεζοί
1542 1417 1598 1460 90,
1624 1418 1678 1450 25.
1719 1417 1795 1460 114,
1815 1422 1848 1451 2.

1135 1474 1213 1516 217,
1232 1479 1263 1507 2.
1300 1473 1378 1516 229,
1398 1479 1451 1507 95.
1471 1479 1524 1508 96.
1548 1479 1604 1507 44.
1627 1479 1682 1507 4-6.
1707 1480 1761 1507 49.
1789 1480 1844 1508 59.

1136 1537 1189 1563 71.
1209 1536 1261 1564 92.
1282 1537 1358 1564 103.
1389 1530 1467 1573 266,
1488 1537 1540 1564 59.
1572 1530 1650 1572 765,
1670 1537 1710 1564 18

1087 1584 1299 1634 πειθαρχέω·
1335 1585 1393 1620 ἐὰν
1425 1585 1463 1620 δὲ
1489 1582 1565 1632 μηδ’
1586 1584 1676 1621 οὕτω
1703 1585 1858 1632 πειθαρ-,

1131 1648 1240 1690 χῶσιν
1257 1643 1289 1677 οἱ
1308 1642 1438 1678 ἰδιῶται
1456 1643 1536 1687 483,
1551 1649 1606 1678 70.
1643 1641 1858 1691 πειθαρχεῖν,Ἰ

1134 1698 1334 1738 Σωσθένους
1372 1702 1433 1734 τοῦ
1479 1702 1666 1746 στρατηγοῦ
1709 1700 1858 1747 12,11..’

1131 1755 1331 1804 πειθαρχεῖν
1348 1756 1453 1791 αὐτοῦ
1469 1757 1547 1800 244,
1567 1763 1621 1791 39.
1661 1758 1761 1790 πᾶσιν
1779 1757 1858 1803 μὲν

1132 1817 1204 1852 τοῖς
1244 1812 1511 1859 ἀπεσταλμένοις
1551 1812 1607 1847 ἐπὶ
1643 1813 1706 1859 τὴν
1743 1806 1858 1862 πόλινῖ

1131 1869 1453 1918 πεπειθαρχηκότος
1477 1869 1555 1913 329,
1575 1877 1591 1903 3
1854 1863 1858 1897 3

1086 1931 1203 1974 πεῖρα·
1227 1927 1290 1973 τὴν
1304 1927 1338 1961 ἐν
1355 1930 1427 1964 τοῖς
1444 1926 1555 1973 ἔργοις
1571 1929 1689 1971 πεῖραν
1711 1926 1788 1970 521,
1799 1932 1842 1960 15

1084 1984 1246 2030 πέλαγος·
1273 1982 1394 2021 σωθεὶς
1418 1983 1458 2017 ἐκ
1481 1982 1652 2029 πελάγους
1677 1984 1732 2026 74,
1752 1991 1769 2018 3

1083 2040 1209 2078 πένθος
1238 2041 1292 2083 56,
1310 2047 1365 2074 49.
1412 2037 1558 2077 πένθους
1588 2038 1752 2105 ἀπόλυσις
1783 2041 1839 2083 56,

1131 2104 1183 2131 53.
1203 2103 1243 2130 58

1081 2152 1338 2199 πενταετηρικοὶ
1368 2151 1497 2200 ἀγῶνες
1529 2153 1607 2196 437,
1626 2160 1656 2187 0.
1675 2159 1729 2188 29.
1760 2153 1841 2198 567,

1129 2218 1159 2244 4.
1180 2218 1197 2243 5

1081 2266 1298 2312 πενταετηρίς
1323 2267 1400 2311 735,
1419 2274 1472 2302 28.
1513 2266 1568 2300 διὰ
1583 2265 1849 2313 *πενταετηρίδοςἸ

1127 2323 1204 2367 231,
1227 2331 1278 2358 15.
1305 2324 1383 2367 232,
1403 2332 1433 2358 7.
1459 2323 1537 2367 233,
1555 2328 1610 2357 28.
1648 2319 1731 2357 καθ’
1757 2322 1848 2358 ἑκά·

1128 2392 1209 2426 στην
1227 2380 1471 2427 πενταετηρίδα
1486 2380 1565 2424 319,
1578 2387 1634 2425 18ι
1653 2380 1710 2414 τὸν
1723 2378 1826 2426 ἀγῶν
1839 2374 1855 2420 ἷζε

1126 2438 1183 2471 τὸν
1230 2436 1409 2482 τιθέμενον
1463 2436 1551 2471 κατὰ
1594 2435 1850 2483 πενταετηρίδ’

1126 2495 1301 2538 441,133.
1339 2493 1471 2529 τιθέναι
1494 2492 1531 2527 δὲ
1550 2492 1640 2527 κατὰ
1655 2505 1749 2528 πεντ

1129 2550 1202 2595 ρίδα
1235 2550 1369 2597 ἀγῶνας
1401 2551 1482 2593 456,
1516 2557 1546 2583 7.
1600 2549 1776 2595 ἱερατεύσα

1125 2603 1268 2653 Ρώμης
1283 2626 1328 2632 -
1343 2606 1432 2641 κατὰ
1447 2605 1690 2652 πενταετηρίδα
1706 2591 1855 2650 556,1»·Ξ’ξ

1081 2663 1274 2698 πενταετία·
1289 2664 1332 2711 τῇ
1351 2663 1485 2710 ἔγγιστα
1500 2661 1677 2707 πενταετίᾳ
1693 2662 1760 2696 669
1762 2668 1836 2710 ,49ι

1128 2720 1184 2755 διὰ
1199 2719 1393 2758 πενταετίας
1409 2720 1488 2763 212,
1500 2727 1551 2753 10.
1570 2719 1647 2763 305,
1659 2726 1712 2754 10.
1747 2726 1821 2754 κατ’

1127 2776 1324 2812 πενταετίαν
1349 2777 1426 2820 305,
1450 2783 1468 2810 8

1082 2834 1293 2879 πεντάμναος
1352 2832 1601 2877 (πεντάμναιος)

1644 2831 1733 2877 σάρξ
1779 2795 1841 2888 7Θέ

1132 2899 1184 2925 16.
1203 2897 1243 2925 21
1805 2894 1812 2913 s
1833 2898 1854 2919 ὲ·
