1858 3126
142 129 222 172 ⁵⁰³1
614 128 681 161 Res
706 127 909 170 Magnetum
934 128 980 161 ad
1004 128 1247 162 Maeandrum.
1635 130 1716 170 143

515 274 720 333 Ἀγαθῆι
757 276 912 334 τύχηι.
976 277 1293 325 Λεύκιπποςῐ.
1330 278 1334 331 Ι

233 474 388 507 Litterae
404 474 516 507 ΘΠΣ.
557 473 615 506 Vs.
634 475 654 505 2
682 475 708 506 Ν
727 475 763 506 et
781 474 824 515 Ε,
850 481 902 506 vs.
922 475 940 505 4
968 474 992 506 Η
1019 474 1055 505 et
1073 474 1098 505 Ν
1126 472 1264 514 ligatae.
1301 473 1558 516 supplementa
1575 475 1718 516 praeter

142 540 175 564 v.
194 534 226 565 e.
252 533 292 564 40
318 532 394 564 init.
418 531 539 564 omnia
555 530 725 563 Boeckhii
748 532 842 563 sunt.
879 530 998 563 Kernii
1015 530 1223 572 exemplum
1241 530 1346 563 docet
1363 531 1551 564 nonnullas
1568 531 1717 572 litteras,

139 597 231 632 quas
254 589 476 631 antiquiores
493 588 682 621 etiamtum
699 588 942 630 agnovissent,
968 588 1039 620 iam
1065 588 1266 630 evanuisse,
1284 588 1348 620 sed
1373 588 1521 630 reliquis
1547 589 1582 621 in
1606 588 1716 622 rebus

141 645 310 680 omnibus
333 645 501 679 Boeckbii
526 646 716 678 lectionem
742 644 943 678 confirmat.
1068 647 1081 676 4
1113 644 1192 678 Non
1217 645 1401 678 bominem
1433 645 1589 688 aliquem
1620 646 1717 679 illius

140 703 278 745 aetatis,
303 704 408 736 cuius
431 703 558 736 titulus
582 705 688 745 esset,
713 702 776 735 sed
801 702 902 735 illum
925 702 1114 745 antiquum
1132 704 1168 735 et
1185 702 1390 736 fabulosum
1408 704 1609 745 Magnesiae
1633 712 1718 736 con-

141 759 306 802 ditorem,
337 761 443 794 cuius
467 761 607 794 statuae
630 760 778 793 Athenis
802 761 942 793 erectae
967 759 1118 793 fortasse
1142 760 1231 793 haee
1256 760 1376 794 tabula
1396 761 1564 803 apposita
1580 760 1716 802 fuisset,

140 817 209 851 boc
233 818 378 851 nomine
401 817 551 851 indicari
569 817 778 851 observavit
801 817 944 850 Boeckh
971 818 1175 860 verissime,
1201 818 1268 851 nisi
1294 818 1392 860 quod
1417 818 1505 851 illud
1529 818 1574 851 de
1598 820 1717 852 statua

141 875 229 908 mibi
254 876 374 909 minus
398 874 583 918 probatur.
626 875 740 908 Immo
765 884 839 908 non
855 875 923 908 alia
941 877 1072 918 mente,
1097 877 1206 918 atque
1230 875 1315 909 alibi
1344 875 1615 918 perfrequenter
1638 873 1718 913 θεός

140 934 203 971 aut
219 930 303 975 θεοί,
327 932 390 966 sed
407 942 665 975 nonnunquam
690 933 799 966 etiam
824 935 1006 966 certorum
1032 932 1183 966 deorum
1209 934 1354 967 nomina
1378 935 1537 976 propria,
1562 935 1603 966 ut
1627 930 1717 970 Ζεὺς

144 986 266 1035 Σωτήρ
291 999 323 1023 n.
344 991 422 1033 497,
441 993 471 1032 4,
502 986 639 1024 Μοῦσαι
662 989 765 1032 Syll.2
790 993 866 1032 635,
885 993 917 1030 4,
948 989 1101 1023 decretis
1124 991 1424 1034 praemittuntur,
1458 991 1517 1023 hic
1546 991 1666 1024 herois
1698 999 1717 1023 a

140 1047 366 1090 Magnetibus
396 1048 526 1090 insigni
557 1049 791 1081 veneratione
820 1046 939 1081 affecti
969 1048 1163 1090 appellatio
1191 1048 1412 1081 inscribitur.
1459 1049 1510 1080 De
1535 1048 1717 1091 Leucippo

140 1105 342 1139 Boeckbius
366 1106 583 1148 provocavit
607 1105 652 1139 ad
677 1105 794 1138 Schol.
818 1105 932 1148 Apoll.
956 1105 1068 1138 Rhod.
1093 1106 1224 1147 Argon.
1249 1106 1275 1148 1,
1293 1107 1355 1139 584
1384 1104 1454 1139 ἐστι
1476 1104 1539 1151 γὰρ
1564 1106 1719 1148 (praeter

140 1163 358 1204 Magnesiam
383 1163 595 1203 Thessaliae)
628 1161 686 1196 καὶ
711 1160 810 1206 ἑτέρα
834 1159 1014 1208 Μαγνησία
1039 1161 1115 1207 περὶ
1131 1155 1293 1206 Ἔφεσον,
1326 1161 1508 1208 ἐκτισμένη
1540 1161 1606 1196 ὑπὸ
1630 1160 1719 1196 Λευ-

139 1218 268 1254 κίππου
291 1222 350 1254 τοῦ
376 1215 491 1264 Καρὸς
516 1218 783 1264 μετοικήσαντος
808 1218 881 1253 ἐκεῖ
905 1218 963 1252 σὺν
989 1216 1149 1265 Μάγνησι
1171 1222 1243 1257 τοῖς
1269 1219 1308 1253 ἐκ
1332 1216 1475 1266 Κρήτης
1509 1222 1544 1252 et
1572 1220 1717 1252 Parthe-

141 1277 241 1310 nium
259 1277 355 1310 Erot.
373 1285 403 1310 c.
417 1280 448 1319 5,
473 1278 537 1319 qui
561 1285 644 1310 cum
671 1276 715 1309 de
732 1277 904 1319 Leucippi
921 1277 1058 1309 incesto
1085 1286 1207 1310 amore
1231 1278 1267 1310 et
1291 1277 1404 1319 patris
1421 1285 1508 1310 nece
1525 1279 1717 1319 narrasset,

141 1335 194 1367 sio
217 1334 349 1376 pergit:
381 1328 475 1378 δι’ἢν
501 1331 608 1367 αἰτίαν
634 1332 810 1366 ἀπολιπὼν
838 1333 900 1379 τὴν
926 1332 1050 1367 οἰκείαν
1077 1331 1263 1371 Θετταλοῖς
1289 1332 1345 1367 ἐπὶ
1368 1337 1440 1372 τοῖς
1466 1333 1716 1379 συμβεβηκόσιν

140 1390 189 1428 εἰς
213 1387 355 1436 Κρήτην
390 1388 555 1436 ἡγήσατο,
586 1389 748 1425 κάκεῖθεν
780 1389 968 1431 ἐξελαθεὶς,
984 1388 1049 1425 ὑπὸ
1078 1395 1146 1425 τῶν
1177 1389 1369 1436 προσοίκων
1393 1390 1443 1429 εἰς
1471 1391 1534 1436 τὴν
1554 1387 1716 1436 Ἐφεσίαν

141 1446 291 1493 ἀφίκετο,
315 1446 400 1482 ἔνθα
423 1446 550 1495 χωρίον
576 1440 688 1494 ᾤκησε
710 1448 749 1482 τὸ
774 1444 982 1495 Κρητιναῖον
1007 1447 1206 1495 ἐπικληθὲν.
1230 1451 1290 1484 τοῦ
1315 1448 1353 1483 δὲ
1373 1447 1572 1483 Λευκίππου
1595 1447 1716 1483 τούτου

139 1503 275 1551 λέγεται
297 1505 360 1551 τὴν
382 1502 628 1551 Μανδρολύτου
652 1503 823 1552 θυγατέρα
845 1503 1072 1551 Λευκοφρὺην
1097 1504 1297 1551 ἐρασθεῖσαν
1321 1506 1504 1553 προδοῦναι
1531 1506 1594 1551 τὴν
1617 1504 1717 1540 πόλιν

140 1565 213 1600 τοῖς
235 1560 424 1607 πολεμίοις,
450 1563 496 1596 ὦν
521 1561 703 1610 ἐτύγχανεν
726 1561 918 1608 ἡγούμενος
944 1562 962 1597 ὁ
982 1561 1189 1607 Λεύκιππος,
1214 1562 1387 1608 ἑλομένων
1412 1562 1512 1598 αὐτὸν
1528 1563 1617 1598 κατὰ
1640 1562 1717 1598 θεο-

140 1619 283 1664 πρόπιον
304 1624 373 1653 τῶν
398 1618 668 1655 emanuelem„
694 1618 734 1654 ἐκ
756 1618 878 1665 Φερῶν
897 1618 963 1654 ὑπὸ
978 1617 1155 1666 Ἀδμήτου.
1194 1621 1300 1655 Nunc
1323 1622 1490 1665 ipsorum
1512 1621 1716 1664 Magnetum

141 1677 355 1711 memoriam
379 1686 423 1710 ex
447 1678 561 1711 titulis
585 1678 768 1720 cognitam
797 1678 984 1720 habemus,
1015 1687 1112 1721 quae
1134 1679 1171 1712 iu
1195 1688 1338 1712 summa
1363 1680 1416 1712 rei
1440 1679 1484 1712 de
1509 1679 1656 1712 oraculo
1682 1681 1718 1712 et

141 1735 186 1768 de
209 1735 386 1779 Magnesia
417 1735 560 1768 condita
592 1744 678 1768 cum
708 1735 948 1778 scriptoribus
981 1737 1171 1779 consentit,
1205 1737 1268 1770 sed
1300 1737 1506 1779 singillatim
1540 1746 1613 1770 non
1643 1746 1716 1770 uno

140 1793 287 1826 nomine
302 1792 494 1835 discrepat.
533 1793 668 1826 Inscbr.
685 1802 720 1826 v.
738 1794 918 1835 Magnesia
935 1803 969 1836 p.
989 1795 1029 1826 ⁴4
1057 1797 1146 1827 n.47
1173 1796 1351 1836 narratur,
1377 1795 1568 1836 Magnetes,
1593 1795 1656 1836 qui
1681 1795 1717 1827 in

139 1850 295 1883 insulam
312 1850 454 1883 Cretam
478 1851 725 1892 emigrassent,
751 1852 870 1893 primo
897 1851 1087 1884 oraculum
1109 1852 1323 1894 Delphicum
1351 1851 1395 1884 de
1420 1852 1539 1885 reditu
1563 1852 1599 1884 in
1624 1852 1718 1885 anti-

140 1916 250 1949 quam
274 1908 428 1950 patriam
446 1907 681 1950 consuluisse,
706 1917 815 1950 quem
833 1917 917 1941 cum
935 1909 1025 1942 deus
1042 1909 1284 1951 dissuasisset,
1310 1909 1441 1942 iterum
1465 1910 1716 1951 interrogasse,

140 1973 214 2006 quo
240 1973 279 1997 se
304 1966 503 2006 verterent;
534 1966 608 1998 iam
631 1965 834 2007 Apollinem
859 1967 979 1999 virum
1010 1975 1090 1999 esse
1115 1966 1346 2009 respondisse
1371 1967 1434 2009 qui
1463 1966 1543 2000 illos
1568 1966 1718 2000 duceret

140 2017 338 2065 Παμφύλων
364 2017 411 2054 ἐπ’
432 2020 577 2068 ἄρουραν
611 2021 696 2067 ὑπὲρ
721 2019 891 2067 Μυκάλης
923 2021 1000 2066 ὄρος
1033 2022 1125 2066 αἰπύ,
1158 2021 1241 2057 ἔνθα
1272 2023 1308 2057 δὲ
1333 2020 1578 2070 Μανδρολύτου
1611 2023 1717 2067 δόμος

140 2076 254 2122 ὄλβιος
278 2077 313 2111 ἐν
338 2079 495 2126 περιωπῇ
520 2078 599 2113 κτλ.·
642 2080 733 2112 Tum
758 2081 906 2113 tertium
932 2082 1167 2123 quaesivisse,
1192 2082 1359 2124 quisnam
1384 2082 1415 2115 is
1439 2083 1536 2115 esset
1545 2091 1554 2124 ;
1588 2090 1717 2115 oracu-

139 2136 216 2168 lum
241 2136 480 2179 respondisse,
505 2137 536 2170 is
560 2146 670 2180 quem
694 2146 738 2170 ex
763 2138 899 2180 templo
917 2139 1051 2180 egressi
1074 2140 1234 2181 primum
1260 2140 1472 2182 aspicerent.
1521 2139 1612 2172 Tum
1636 2148 1717 2182 per·

141 2194 254 2234 gitur:
287 2193 560 2238 συναντησάντων
596 2193 633 2228 δὲ
663 2194 752 2228 κατὰ
783 2195 820 2228 τὸ
856 2194 960 2241 ῥηθὲν
991 2195 1050 2229 καὶ
1080 2195 1143 2240 τὴν
1182 2195 1397 2242 συγγένεια[ν]
1428 2196 1510 2243 πρὸς
1541 2196 1598 2229 τὸν
1630 2194 1718 2230 Λεύ-

140 2259 264 2283 κιππον
289 2249 588 2294 ἀνανεωσαμὲνων,
619 2250 856 2291 ἐπιδειξάντων
880 2252 958 2290 τοὺς
981 2252 1158 2299 χρησμοὺς
1181 2251 1328 2298 ἄσμενος
1352 2252 1536 2298 ὑπήκουσε.
1584 2254 1716 2287 Tamen

140 2307 261 2349 ipsum
291 2316 437 2349 quoque
466 2308 575 2341 deum
607 2309 832 2342 consuluisse
863 2312 899 2342 et
931 2311 1115 2353 accepisse
1147 2311 1334 2344 oraculum
1369 2311 1412 2344 de
1444 2312 1524 2344 loco
1554 2311 1717 2344 coloniae

141 2364 187 2405 (v.
207 2365 362 2407 46-54),
388 2366 424 2398 in
448 2374 522 2407 quo
545 2366 632 2398 item
657 2367 814 2409 Mycales
838 2370 874 2400 et
890 2368 1107 2410 Mandrolyti
1124 2368 1255 2401 domus
1273 2369 1407 2402 mentio
1424 2368 1474 2402 fit.
1515 2370 1554 2401 In
1571 2369 1716 2402 decreto

139 2420 271 2455 ficticio
303 2421 526 2455 Cretensium
562 2432 646 2456 vero
680 2425 815 2457 Inscbr.
841 2434 913 2457 von
937 2426 1116 2467 Magnesia
1143 2435 1174 2468 p.
1199 2429 1241 2458 46
1277 2435 1310 2459 n.
1335 2429 1390 2469 20,
1414 2429 1456 2458 27
1491 2427 1580 2459 haec
1612 2428 1714 2459 sunt:

141 2476 243 2521 δόμεν
268 2477 305 2511 δὲ
328 2478 386 2512 καὶ
409 2477 632 2523 ΛευΙ[κίππωι
655 2481 728 2523 τ]ῶι
750 2478 880 2515 Λυκίωι
902 2486 965 2515 τῶι
987 2480 1197 2527 καθαγεμόνι
1223 2481 1408 2528 γενομένωι
1432 2482 1480 2520 εἰς
1503 2482 1563 2516 τὰν
1588 2479 1715 2526 ἈσίΙ[αν

140 2530 291 2579 Κρήτα];
315 2535 424 2573 πάσας
449 2534 564 2574 πόλεις
588 2535 736 2582 ἀργυρίω
761 2537 936 2572 τάλαντον.
985 2540 1036 2572 De
1059 2541 1163 2581 gente
1189 2540 1308 2582 igitur,
1339 2549 1383 2572 ex
1413 2549 1487 2582 qua
1511 2540 1715 2582 Leucippus

142 2592 316 2626 oriundus
358 2593 484 2636 fuerat,
528 2594 732 2636 Magnetum
768 2596 925 2629 narratio
966 2605 1050 2629 cum
1088 2597 1276 2630 Parthenio
1317 2599 1442 2630 contra
1482 2597 1715 2630 scholiastam

141 2647 316 2690 Apollonii
349 2652 536 2684 consentit.
592 2652 696 2684 Pater
733 2661 832 2694 vero,
870 2653 933 2694 qui
969 2653 1066 2695 apud
1104 2654 1319 2696 scriptorem
1352 2655 1529 2686 eroticum
1570 2649 1716 2689 Ξάνθιος

143 2706 208 2746 est,
236 2706 274 2738 in
305 2708 449 2740 oraculo
475 2718 509 2741 n.
535 2711 588 2750 47,
613 2711 655 2742 38
687 2706 842 2742 Γλαύκου
867 2709 964 2754 γένος
997 2710 1208 2752 appellatur.
1256 2711 1389 2743 Tamen
1414 2710 1530 2742 eidem
1562 2709 1716 2742 familiae

142 2762 295 2803 uterque
325 2764 434 2797 heroa
458 2765 630 2807 vindicat,
661 2775 741 2798 nam
769 2766 924 2799 Glaucus
957 2767 1033 2799 sine
1066 2767 1176 2800 dubio
1208 2767 1466 2808 intellegendus
1499 2768 1553 2798 est
1578 2766 1716 2807 Hippo-

143 2816 239 2850 lochi
258 2818 363 2861 filius,
388 2821 492 2854 cuius
516 2822 552 2854 in
568 2822 677 2855 Iliade
693 2822 862 2864 frequens
879 2825 934 2856 est
951 2825 1135 2866 memoria,
1161 2833 1244 2856 cum
1262 2824 1473 2856 Parthenius
1491 2823 1715 2864 Leucippum

143 2878 209 2906 τῶν
234 2872 300 2908 ἀπὸ
322 2872 596 2923 Βελλεροφόντου
621 2878 731 2911 fuisse
756 2881 919 2912 testetur.
