1858 3126
213 145 298 185 694

260 280 456 325 ἐπιστολῶν,
497 281 751 326 ἀποκριμάτων,
789 282 974 329 διαταγμά-

257 351 338 382 των,
362 338 494 384 κλήρου
518 339 597 382 494,
619 346 670 373 17.
716 339 774 373 καὶ
799 339 875 384 περὶ
897 338 974 374 τού-

258 408 325 429 των
349 394 410 434 τὰς
434 395 562 434 πίστεις
584 395 773 443 ἐγγράφους
792 395 974 442 παρατιθέ·

259 464 333 487 ασιν
368 454 446 497 335,
472 461 547 488 134.
596 453 685 499 μηδὲ
717 452 882 499 συνχέωσι
909 453 972 499 τὴν

258 510 376 556 κοινὴν
408 509 515 544 πίστιν
542 511 692 554 669,18.
737 510 798 549 τὰς
831 511 973 558 ἐνχειρι-

260 565 396 606 σθείσας
425 566 555 606 πίστεις
585 569 662 611 339,
685 574 734 602 12.
756 575 808 602 53.
855 567 973 606 καθὼς

259 622 298 658 ἂν
324 623 440 663 αὐτοῖς
465 625 504 659 ἐκ
531 629 597 659 τῶν
624 624 795 671 δημοσίων
821 624 973 672 πραγμά-

258 693 325 716 των
361 682 506 721 πίστεώς
537 694 573 716 τε
604 686 666 727 τῆς
701 681 784 720 ἰδίας
815 682 974 728 φαίνηται

259 740 339 783 441,
361 746 423 774 119

213 796 327 834 πιστός
339 795 496 841 passim.
528 795 688 842 λαβόντες
705 797 747 831 τὰ
763 797 863 832 πιστά
881 798 912 841 5,
931 805 971 832 49

213 853 402 887 πιττάκιον·
432 852 628 901 ἀνεγνώσθη
663 854 836 889 πιττάκιον
874 853 974 889 δοθὲν

258 928 305 934 —-
329 909 394 944 ὑπὸ
418 909 582 958 Λάχητος
608 911 686 955 595,
705 919 759 946 38.
799 910 974 945 πιττακίου

258 967 426 1013 καμήλων
444 968 522 1011 674,
537 974 590 1002 21.
631 971 841 1015 σφραγισμοῦ
859 980 976 1002 πιττα-

259 1023 334 1057 κίου
376 1025 460 1068 674,
495 1030 548 1059 22.
606 1023 751 1059 ἑκάστου
799 1023 975 1059 πιττακίου

262 1081 342 1124 672,
363 1087 401 1114 24

213 1136 319 1178 πλάξ·
362 1137 435 1171 ἀντὶ
467 1141 530 1183 τῆς
565 1137 857 1184 προανακειμένης
900 1138 976 1183 περὶ

258 1197 321 1238 τῆς
345 1193 539 1232 ἀναθέσεως
567 1198 630 1241 τῆς
664 1199 859 1243 προσευχῆς
889 1195 976 1229 πλα-

259 1250 320 1288 κὸς
360 1250 384 1296 ἡ
425 1250 710 1298 ὑπογεγραμμένη
753 1252 974 1299 ἐπιγραφήτω

263 1308 338 1351 129,
358 1316 387 1342 5.
429 1307 596 1354 ἐτέθησαν
626 1307 708 1355 παρ’
739 1308 883 1355 ἑκάτερα
905 1314 974 1343 τῶν

260 1363 385 1411 τοίχων
410 1363 539 1403 πλάκες
564 1366 852 1412 ἐπιγεγραμμέναι
874 1366 974 1401 δεκα-

260 1420 419 1466 τέσσαρες
444 1423 523 1465 672,
544 1429 582 1457 12

215 1476 378 1512 πλατεῖα·
411 1478 443 1512 οἱ
473 1483 710 1518 κατοικοῦντες
741 1481 803 1526 τὴν
834 1479 973 1515 Πασπα-

263 1540 379 1580 ρειτῶν
397 1535 568 1570 ,πλατεῖαν
593 1537 672 1581 491,
693 1545 710 1570 9

214 1590 348 1638 πλέθρα
373 1592 450 1636 221,
470 1599 522 1628 2ο.
543 1601 595 1627 24.
621 1601 674 1628 30.
701 1602 752 1629 31.
773 1601 826 1629 35.
845 1602 898 1629 44.
919 1602 972 1629 56.

264 1656 315 1683 64.
335 1656 375 1683 66

214 1704 445 1740 πλεονεκτέω·
492 1706 769 1742 πλεονεκτεῖσθαι
813 1707 876 1756 γὰρ
915 1708 973 1743 καὶ

258 1762 337 1801 τοὺς
371 1762 505 1809 ὀλίγους
535 1760 592 1798 ὑπ’
627 1764 736 1798 αὐτῶν
771 1763 972 1810 ἀνθρώπους

261 1819 364 1865 δῆλον
389 1819 432 1865 ἦν
457 1821 537 1864 484,
557 1827 595 1855 27

213 1876 466 1916 πλεονεκτικός·
507 1877 572 1912 ὑπὸ
612 1883 682 1912 τῶν
722 1878 972 1917 πλεονεκτικῶς

259 1935 316 1968 καὶ
341 1934 486 1973 ἀναιδῶς
518 1939 593 1973 ταῖς
623 1934 789 1975 ἐξουσίαις
814 1935 972 1983 ἀποχρω-

259 1991 368 2036 μένων
395 1992 473 2034 665,
494 1998 532 2026 16

212 2046 305 2081 πλέω
324 2047 480 2092 passim.
517 2046 654 2081 πλεύσει
672 2047 708 2081 δὲ
728 2047 814 2092 μόνα
829 2048 871 2081 τὰ
888 2047 971 2082 ἀπο-

259 2103 477 2150 γεγραμμένα
502 2103 606 2137 πλοῖα
631 2105 708 2147 572,
729 2111 769 2138 30

212 2159 392 2206 πληθικῶς
418 2160 495 2203 669,
515 2167 555 2194 49
946 2190 949 2193 ⁴

211 2215 347 2263 πλῆθος
365 2215 522 2261 passim.
563 2216 620 2250 καὶ
650 2215 728 2250 κατ’
752 2215 888 2263 ὀλίγους
911 2216 970 2251 καὶ

256 2273 345 2308 κατὰ
378 2272 498 2319 πλήθη
524 2274 601 2317 669,
621 2280 651 2307 6.
701 2274 884 2320 στρατηγὸς
913 2273 971 2307 καὶ

260 2330 367 2376 ἱερεὺς
383 2332 444 2365 τοῦ
456 2329 612 2376 πλήθους
623 2335 691 2364 τῶν
705 2329 969 2377 μαχαιροφόρων

259 2387 336 2430 737,
358 2394 387 2421 6.
433 2386 630 2433 θεωροῦντα
658 2387 721 2432 τὴν
755 2385 968 2434 εὐχαριστίαν

255 2447 316 2477 τοῦ
352 2443 508 2489 πλήθους
545 2445 622 2487 763,
651 2450 703 2478 32.
751 2442 970 2489 ἐξηγούμενοι

258 2500 452 2545 σύμπαντος
465 2503 525 2534 τοῦ
538 2498 693 2545 πλήθους
706 2519 750 2524 -
762 2499 824 2544 τὴν
837 2498 968 2533 εὔνοιαν

257 2558 335 2601 763,
355 2564 395 2592 39

209 2612 397 2660 πλημύρω·
433 2612 661 2660 πλημύρουσα
695 2615 795 2646 πᾶσιν
825 2611 968 2658 ἀγαθοῖς

255 2671 279 2716 ἡ
304 2669 478 2718 Αἴγυπτος
503 2671 582 2715 666,
601 2678 618 2705 8

210 2728 352 2774 πληρόω
363 2738 370 2747 ·
396 2729 443 2767 ὡς
469 2726 631 2763 δύνασθαι
647 2726 713 2762 ἀπὸ
730 2726 859 2761 τούτων
876 2727 969 2772 παρὰ

256 2786 314 2832 ἔτη
339 2785 479 2832 τέσσερα
503 2783 717 2832 πληροῦσθαι
730 2785 787 2819 τὸν
806 2784 967 2829 μουσικὸν

255 2842 370 2889 ἀγῶνα
394 2844 472 2886 509,
494 2850 545 2876 15.
587 2841 661 2887 βίου
692 2841 878 2879 πολυετοῦς
903 2853 966 2885 μα-

253 2905 420 2946 καριστῶς
438 2898 645 2945 ἐπληρώθην
663 2900 741 2943 383,
753 2905 804 2933 23.
824 2900 965 2942 404,18.

929 147 1080 180 Indices.

1092 281 1317 329 πληρώσαντα
1332 283 1390 317 καὶ
1413 283 1462 322 εἰς
1485 283 1525 318 τὸ
1550 284 1728 329 ἱερώτατον
1745 297 1806 319 τα-

1093 343 1188 384 μεῖον
1212 340 1291 378 τοὺς
1317 340 1426 386 ἱεροὺς
1450 341 1576 387 φόρους
1601 342 1678 384 565,
1699 349 1739 376 16

1045 396 1205 442 πλησίος·
1228 402 1297 431 τῶν
1322 396 1476 443 πλησίων
1502 398 1600 444 ἱερῶν
1625 399 1703 442 736,
1724 406 1741 432 5

1045 452 1203 493 πλίνθος·
1229 452 1365 489 πλίνθοι
1388 455 1444 498 46,
1464 461 1517 489 18.
1563 454 1621 489 ἐάν
1652 466 1740 494 τινες
1767 454 1804 490 ἐν

1090 514 1166 548 ταῖς
1215 509 1309 549 ὁδοῖς
1355 529 1402 536 -
1448 509 1610 550 πλίνθους
1658 510 1803 547 ἕλκωσιν

1093 568 1171 612 483,
1191 574 1231 602 62

1046 624 1245 670 πλοΐζομαι·
1278 623 1437 660 θυσιάσαι
1464 623 1550 671 ὑπὲρ
1573 630 1640 660 τῶν
1665 625 1805 666 πλοϊζο-

1093 682 1203 727 μένων
1233 682 1307 726 199,
1327 689 1366 716 37

1045 739 1165 774 πλοῖον
1184 740 1260 782 572,
1281 745 1333 773 29.
1360 739 1438 783 697,
1458 747 1488 774 8.
1528 739 1551 786 ἡ
1570 739 1728 787 ἀναγωγὴ
1743 743 1805 775 τοῦ

1093 797 1184 842 ἱεροῦ
1214 795 1335 830 πλοίου
1367 799 1426 830 τοῦ
1457 792 1634 844 Ὀσείρεως
1669 797 1725 841 56,
1751 805 1804 832 51.

1090 853 1175 898 ὑπὲρ
1225 851 1384 890 εὐπλοίας
1438 852 1560 888 πλοίου
1610 852 1806 900 Σαράπιδος
1852 868 1858 903 3:

1091 910 1170 953 696,
1188 917 1220 943 4.
1265 908 1403 943 πλεύσει
1432 909 1469 944 δὲ
1500 909 1588 955 μόνα
1616 911 1658 945 τὰ
1682 911 1805 956 ἀπογε-

1090 965 1271 1014 γραμμένοι
1299 966 1407 1001 πλοῖα
1435 966 1513 1010 572,
1540 974 1594 1002 34.
1649 966 1706 1002 ἐπὶ
1735 974 1804 1002 τῶν

1092 1023 1220 1057 πλοίων
1244 1027 1311 1057 τῶν
1327 1022 1512 1069 ἀφράκτων
1532 1024 1610 1067 773,
1622 1031 1659 1059 ³1.
1699 1024 1806 1059 πλοῖα

1093 1079 1264 1127 σιταγωγά
1287 1080 1319 1123 9,
1339 1085 1356 1113 2

1046 1137 1171 1175 πλοῦς·
1203 1136 1377 1184 ὀφειλήσει
1406 1137 1459 1182 τῷ
1488 1136 1589 1183 δήμῳ
1615 1136 1699 1184 ὑπὲρ
1724 1138 1806 1174 ἑκά-

1092 1206 1170 1228 στου
1195 1194 1303 1232 πλοὸς
1328 1193 1472 1240 δηνάρια
1495 1191 1546 1228 ατ’
1573 1196 1650 1239 572,
1669 1201 1708 1230 21

1046 1250 1223 1289 πλούσιος·
1253 1250 1286 1285 οἱ
1310 1251 1344 1285 ἐν
1370 1249 1545 1290 Ποτιόλοις
1567 1255 1806 1291 κατοικοῦντες

1092 1307 1214 1354 Τύριοι
1252 1306 1375 1342 πολλοὶ
1413 1306 1507 1346 ὄντες
1545 1308 1604 1343 καὶ
1649 1309 1805 1344 πλούσιοι

1092 1365 1171 1409 595,
1189 1372 1219 1400 8.
1261 1363 1412 1399 ἐτέλεσεν
1436 1364 1480 1400 τὰ
1502 1364 1581 1400 ποτὶ
1596 1365 1655 1404 τὸς
1670 1364 1803 1413 ἀνθρώ-

1092 1434 1155 1460 πος
1181 1420 1432 1468 μεγαλοψύχως
1455 1421 1515 1456 καὶ
1530 1421 1700 1461 πλουσίως
1717 1421 1802 1468 ὑπὲρ

1091 1478 1231 1524 δύναμιν
1256 1479 1334 1522 767,
1355 1486 1394 1514 18

1045 1535 1161 1569 πλύνω
1172 1545 1180 1553 ·
1198 1535 1286 1581 μήτε
1300 1535 1419 1580 ἱμάτια
1430 1534 1568 1570 πλύνειν
1581 1536 1668 1582 μήτε
1681 1539 1803 1575 σκεῦος

1090 1593 1169 1636 483,
1190 1599 1252 1627 169

1044 1649 1189 1694 πόδωμα
1213 1651 1283 1692 (τοῦ
1306 1647 1461 1694 θεάτρου)
1487 1651 1565 1693 510,
1586 1658 1603 1684 5

1044 1706 1150 1742 ποιέω
1179 1705 1334 1751 passim.
1390 1705 1436 1741 in
1465 1705 1582 1742 timis
1611 1705 1801 1751 wrtifiowm

1091 1762 1198 1797 ἐποίει
1221 1765 1276 1807 24,
1295 1770 1325 1798 2.
1351 1765 1429 1808 256,
1450 1771 1503 1798 10.
1535 1764 1613 1807 591,
1633 1772 1662 1798 7.
1708 1763 1802 1798 ἐπόει

1088 1820 1168 1864 448,
1196 1828 1226 1854 7.
1257 1821 1334 1864 742,
1363 1828 1393 1854 6.
1445 1819 1626 1866 ἐποίησε(ν)
1663 1820 1741 1863 287,
1768 1826 1800 1854 2.

1090 1878 1168 1921 750,
1187 1885 1217 1911 4.
1259 1877 1387 1924 ἐπόησε
1411 1878 1490 1921 234,
1506 1884 1546 1911 36

1044 1934 1188 1980 ποιητὴς
1223 1933 1421 1980 τραγῳδιῶν
1454 1934 1535 1977 352,
1567 1940 1598 1967 7.
1652 1933 1800 1979 ποιητὴς

1088 1990 1245 2036 τραγικός
1270 1991 1348 2033 352,
1367 1996 1420 2023 30.
1440 1997 1492 2024 67.
1540 1989 1678 2036 ποιηταὶ
1707 1989 1800 2023 ἐπῶν

1090 2047 1143 2090 51,
1169 2054 1222 2081 37.
1267 2045 1458 2090 κωμῳδιῶν
1488 2047 1543 2089 51,
1568 2053 1621 2080 34.
1668 2055 1801 2093 τραγῳ-

1089 2102 1168 2136 διῶν
1193 2103 1248 2146 51,
1269 2109 1306 2136 31

1042 2158 1195 2194 ποικίλαι
1218 2157 1431 2204 περιστάσεις
1457 2159 1533 2203 194,
1553 2167 1570 2194 5

1041 2215 1159 2261 ποινή·
1184 2214 1380 2254 ἀνειλάτους
1405 2214 1476 2262 ἔχει
1493 2215 1611 2254 ποινάς
1635 2216 1714 2260 383,
1734 2223 1797 2251 119
1839 2194 1855 2211 γ’

1041 2271 1257 2319 πολέμαρχοι
1276 2268 1457 2317 Ὠρωπίων
1481 2272 1537 2316 81,
1553 2279 1594 2307 23

1041 2327 1219 2374 πολεμέω·
1267 2328 1527 2376 πολεμηθείσης
1571 2333 1635 2375 τῆς
1681 2330 1799 2378 χώρας
1836 2326 1839 2327 ’

1087 2386 1164 2430 748,
1185 2393 1201 2420 8
1336 2414 1338 2418 ,
1479 2412 1482 2415 .

1040 2442 1245 2488 πολεμικός·
1269 2442 1517 2478 κατεσκεύασαν
1543 2441 1632 2486 (τοὺς
1656 2441 1798 2489 ἐλέφαν-
1830 2444 1832 2446 ’

1086 2501 1156 2542 τας)
1188 2500 1273 2545 πρὸς
1295 2499 1358 2545 τὴν
1383 2498 1573 2544 πολεμικὴν
1599 2497 1715 2546 χρείαν
1741 2499 1796 2542 54,

1090 2564 1141 2590 12.
1163 2564 1214 2591 13.
1256 2556 1292 2591 ἐν
1314 2559 1391 2595 ταῖς
1414 2555 1617 2601 πολεμικαῖς
1640 2553 1798 2601 περιστά-

1087 2625 1175 2648 σεσιν
1201 2614 1279 2657 339,
1299 2620 1340 2648 25

1039 2669 1204 2715 πολέμιος
1215 2669 1372 2715 passim.
1404 2667 1639 2716 προαγομένου
1655 2670 1717 2703 τοῦ
1733 2679 1796 2702 πο·
1831 2715 1833 2719 r

1085 2726 1204 2773 λεμίου
1231 2729 1307 2771 765,
1325 2733 1365 2761 27

1038 2784 1188 2830 πόλεμος
1221 2785 1252 2828 8,
1279 2791 1310 2818 5.
1345 2784 1423 2826 441,
1452 2789 1491 2817 12
1515 2791 1595 2825 sqq.
1630 2781 1709 2824 458,
1740 2788 1794 2816 36.

1083 2840 1302 2888 ναυαρχήσας
1336 2838 1424 2873 κατὰ
1462 2838 1612 2883 πόλεμον
1653 2837 1731 2881 552,
1763 2843 1793 2871 2.

1086 2897 1121 2931 ἐν
1144 2901 1216 2935 τοῖς
1231 2895 1320 2931 κατὰ
1335 2895 1484 2941 πόλεμον
1501 2894 1626 2941 ἀγῶσιν
1644 2894 1723 2938 332,
1739 2901 1793 2928 57.
1838 2912 1842 2947 Ι*

1845 924 1858 1029 Ξ

1838 1140 1858 1537 i
