1858 3126
189 129 274 170 702

232 267 308 302 ταῖς
334 282 375 289 -
400 263 488 298 κατὰ
517 262 698 309 πρόσωπον
730 263 764 298 ἐν
797 263 840 311 τῇ
870 274 946 310 συγ-

233 321 350 367 κλήτῳ
411 319 662 366 φιλανθρώπως
720 318 947 366 ἀποκριθῆναι

235 379 314 421 441,
334 385 373 412 66

188 435 382 481 προτάττω·
418 434 480 479 τὴν
516 432 611 469 θείαν
643 433 851 481 ἀντιγραφὴν
882 432 947 468 ὑπὸ

234 492 368 526 πάντων
415 491 716 539 προσκυνουμένην
761 489 947 537 προέταξαν

235 549 313 592 262,
332 555 385 584 28.
427 547 595 593 προτάξας
618 548 657 583 τὸ
683 547 850 595 διάταγμα
870 546 948 582 ἑκα-

234 606 340 652 τέρως
363 605 492 652 γραφέν
516 606 596 649 458,
615 612 655 639 29

189 662 370 708 προτείνω·
401 662 629 700 εὐτονώτατος
658 661 701 707 ἦν
732 661 876 708 Χλῶρος
906 661 949 696 τὰ

237 716 415 765 Ῥωμαϊκὰ
439 718 624 766 προτείνων
649 719 727 763 315,
749 726 788 753 53

189 776 393 823 προτίθημι·
425 776 464 810 τὸ
490 775 789 822 ὑπογεγραμμένον
816 775 949 821 ἔκθεμα

235 832 362 879 πρόθες
388 834 465 877 664,
484 840 514 867 4.
554 832 662 867 ταῦτά
687 845 751 878 μου
776 832 819 867 τοὶ
841 832 949 879 γράμ-

238 903 327 935 ματα
357 909 403 914 -
431 889 578 935 πρόθετε
609 889 687 933 609,
709 897 761 925 36.
809 889 858 935 μὴ
890 888 949 934 ἔμ-

237 959 337 992 μεναι
371 966 418 972 -
455 946 540 992 μήτε
571 945 712 993 ἄρχοντι
743 944 951 991 προθέμεναι

235 1003 310 1038 κτλ.
341 1005 374 1048 4,
400 1012 439 1038 85
468 1013 546 1046 sqq.
596 1002 767 1048 βούλομαι
799 1002 836 1036 σὲ
869 1001 949 1036 αὐτό

237 1062 285 1104 (τὸ
310 1060 488 1107 διάταγμα)
518 1059 698 1105 προθεῖναι
723 1061 868 1101 665,12.
916 1059 950 1093 αἰ

238 1118 275 1152 δέ
298 1116 339 1152 κέ
366 1129 415 1156 τις
438 1135 484 1142 -
507 1115 531 1161 ἢ
563 1115 645 1162 ε’ίπη
676 1115 700 1162 ἢ
731 1115 844 1162 πρόθη
874 1115 952 1161 περὶ

235 1173 388 1210 καθόδου
419 1172 443 1218 ἢ
481 1173 666 1220 κτημάτων
704 1173 886 1213 ἀποδόσιος
919 1175 950 1217 8,

239 1238 292 1266 22.
312 1238 365 1265 23.
407 1231 425 1265 ὃ
451 1230 506 1265 ἐπὶ
529 1235 593 1278 τῆς
618 1230 751 1269 πόλεως
772 1228 951 1276 προέθηκα

238 1289 410 1335 διάταγμα
441 1289 520 1332 665,
541 1295 570 1324 9.
618 1291 723 1322 ταῦτα
756 1287 793 1322 δὲ
823 1288 882 1323 καὶ
915 1288 950 1322 ἐν

238 1345 353 1384 αὐτοῖς
372 1344 579 1391 προτεθῆναι
594 1348 667 1383 τοῖς
683 1345 799 1384 τόποις
817 1344 950 1380 ἐθεσπί-

241 1415 346 1448 σαμεν
373 1403 450 1446 521,
470 1410 486 1436 8

193 1460 388 1508 προτιμάω·
414 1462 580 1504 προτιμᾶν
597 1459 654 1493 τὸν
672 1458 777 1504 ἄνδρα
803 1459 880 1502 244,
896 1466 949 1492 34.

238 1522 306 1551 τῶν
336 1517 479 1562 πρώτων
508 1516 567 1550 ’καὶ
596 1515 865 1561 προτιμωμένων
897 1514 951 1561 φί-

238 1573 307 1608 λων
332 1576 393 1607 τοϋ
419 1572 586 1618 βασιλέως
611 1573 688 1616 754,
708 1580 724 1607 3

193 1630 349 1676 προτομή
370 1629 499 1676 ἐλάφου
518 1630 658 1674 214,42.
692 1629 860 1675 προτομαὶ
873 1628 951 1664 ἐλά-

240 1699 313 1734 φων
338 1688 416 1731 214,
438 1695 477 1721 38

192 1744 391 1790 προτυπόω·
426 1744 515 1778 ’κατά
548 1756 623 1778 τινα
659 1743 753 1779 θείαν
792 1742 951 1789 βούλησιν

240 1800 329 1835 οὕτω
376 1806 438 1847 τῆς
476 1801 603 1842 τάξεως
643 1799 952 1848 προτετυπωμένης

240 1858 318 1903 458,
341 1866 379 1892 15

193 1921 377 1962 προφανῶς
402 1916 480 1960 332,
497 1923 535 1949 58

193 1973 376 2019 πρόφασις·
402 1972 570 2018 προφάσει
593 1977 660 2006 τῶν
684 1970 855 2018 δημοσίων
874 1971 951 2014 669,

244 2036 368 2063 15.16.
413 2028 621 2075 ἀργυρισμοῦ
650 2028 817 2074 πρόφασιν
849 2040 952 2062 ’κατα-

239 2085 364 2119 λείπων
391 2085 504 2130 ἑαυτῷ
527 2086 585 2119 καὶ
608 2089 681 2122 τοῖς
708 2084 825 2123 ἄλλοις
847 2097 952 2131 πραγ-

242 2146 399 2187 ματικοῖς
425 2143 503 2186 669,
523 2149 561 2176 37

193 2199 371 2246 προφέρω·
396 2198 499 2233 αὐτοῦ
523 2197 782 2244 προφερομένου
799 2198 861 2244 τὴν
878 2192 954 2242 περὶ

239 2257 278 2290 τὸ
291 2260 391 2300 σῶμα
402 2254 628 2301 γεγενημένην
642 2253 816 2289 ἀσθένειαν
828 2256 925 2298 244,1
933 2262 950 2287 0

194 2313 387 2359 προφητεία
410 2313 488 2356 494,
509 2320 525 2347 8

194 2369 468 2415 προφητεύοντος
492 2370 570 2412 473,
591 2374 621 2403 2.
646 2369 723 2412 530,
744 2376 760 2402 9

196 2426 376 2472 προφήτης
408 2427 461 2469 56,
483 2434 534 2459 59.
568 2426 644 2468 111,
665 2433 716 2459 17.
753 2425 829 2468 193,
849 2431 880 2458 2.
901 2431 951 2459 10.

245 2491 297 2517 11.
323 2490 375 2517 15.
406 2483 485 2525 494,
511 2490 540 2516 3.
593 2482 650 2515 τὸν
682 2482 861 2527 προφήτην
892 2485 952 2515 τοῦ

176 2571 180 2574 ,
242 2539 430 2586 ἁγιωτάτου
449 2537 534 2574 Θεοῦ
549 2534 706 2584 Ὑψίστου
726 2539 841 2582 756,2.
871 2549 952 2583 προ-

245 2600 348 2643 φῆται
373 2597 428 2639 56,
448 2604 477 2630 4.
504 2597 559 2640 90,
578 2603 595 2630 6

197 2653 416 2702 προχειρίζω·
443 2656 503 2687 τοῦ
530 2651 643 2697 δήμου
667 2669 712 2677 ·-
736 2663 953 2699 προχειρισα-

245 2711 347 2756 μένου
367 2709 459 2758 ντοὺς
490 2708 552 2754 τὴν
584 2708 694 2743 πίστιν
722 2708 872 2754 εὐσεβῶς
895 2708 953 2742 ’καὶ

244 2766 385 2806 δικαίως
419 2767 628 2814 τηρήσοντας
664 2767 740 2811 339,
771 2773 825 2802 46.
882 2765 953 2799 ἐπι-

244 2824 367 2870 στάτης
392 2823 641 2871 προχειρισθεὶς
669 2823 703 2858 ἐν
731 2823 780 2869 τῷ
802 2826 865 2869 τῆς
889 2834 953 2856 πα-

243 2881 418 2926 νηγύρεως
441 2880 555 2928 χρόνῳ
582 2881 658 2924 268,
678 2887 708 2914 4.
751 2880 785 2914 ἐν
801 2883 876 2918 ταῖς
892 2878 953 2914 ἄλ-

906 126 1057 160 Indices.

1062 262 1138 301 λαις
1163 261 1286 311 ἀρχαῖς
1310 263 1368 298 καὶ
1398 262 1631 309 λειτουργίαις,
1661 262 1711 302 εἰς
1734 262 1775 302 ἃς
1845 262 1853 272 ”’

1064 321 1082 355 ὁ
1101 319 1211 366 δῆμος
1228 319 1329 355 αὐτὸν
1346 319 1620 368 προκεχείρισται
1644 321 1721 362 339,
1733 329 1772 356 50
1839 358 1851 373 .-

1017 375 1200 422 πρυτανεία
1225 377 1302 421 771,
1322 383 1352 411 3.
1375 385 1403 411 5.
1424 384 1463 413 41

1017 436 1237 480 πρυτανεῖον·
1255 433 1290 468 ἐν
1306 432 1428 480 Αἰγίνῃ
1439 434 1575 478 329,45.
1604 429 1776 480 ἐνἘλαίᾳ
1838 441 1849 484 J

1066 491 1142 534 332,
1170 498 1222 525 15.
1248 497 1302 527 49.
1352 490 1387 527 ἐν
1411 486 1506 536 Ἰλίῳ
1537 490 1615 536 218,
1642 497 1694 528 25.
1739 489 1774 524 ἐν
1836 489 1840 494 ⁴

1063 546 1211 594 Μιλήτῳ
1230 547 1369 591 213,39.
1393 546 1428 582 ἐν
1436 544 1616 594 Μυτιλήνῃ
1634 547 1774 591 335,86.

1065 605 1100 639 ἐν
1117 603 1314 652 Νασιράσοις
1330 604 1471 649 268,15.
1508 603 1544 638 ἐν
1561 601 1668 650 Νάσῳ
1684 606 1776 651 (προ-
1845 631 1852 651 ζ

1064 662 1214 707 τανήϊον)
1250 663 1282 705 4,
1309 667 1362 696 32.
1410 661 1444 696 ἐν
1475 659 1610 708 Πριήνῃ
1641 662 1719 705 215,
1743 668 1774 695 4.
1831 661 1832 664 ’

1066 718 1101 752 ἐν
1127 717 1337 763 Πτολεμαΐδι
1359 721 1423 765 τῆς
1447 716 1623 764 Θηβαΐδος
1646 719 1702 762 49,
1723 725 1775 753 13.
1831 698 1856 724 ἶ

1066 777 1120 818 51,
1140 782 1193 812 22.
1235 775 1270 809 ἐν
1297 773 1437 822 Σμύρνῃ
1463 775 1541 819 229,
1561 782 1600 811 31
1837 816 1840 819 ⁴

1018 832 1234 878 πρυτανεύω·
1274 837 1408 877 πρῶτος
1450 831 1673 878 ἐπρυτάνευεν
1708 828 1777 879 Ἀρ-
1832 839 1842 857 z

1064 888 1143 938 χίας
1179 890 1256 933 264,
1283 895 1312 923 2.
1366 888 1468 936 μέχρι
1499 892 1559 923 νῦν
1594 901 1777 937 πρυτανευ-
1839 907 1848 917 *-

1065 946 1181 991 όμενοι
1198 945 1403 985 διατελοῦσιν
1417 943 1654 992 (Περγαμηνοί)
1669 946 1748 989 264,
1759 954 1775 980 3
1838 982 1842 995 ἶ

1019 1003 1194 1048 πρύτανις·
1231 1002 1266 1036 ἐν
1297 998 1446 1048 Ἐρέσῳ·
1481 1001 1640 1048 πρύτανις
1670 999 1778 1038 Μελί-

1067 1059 1175 1107 δωρος
1208 1059 1239 1102 8,
1256 1066 1330 1094 103.
1386 1058 1422 1093 ἐν
1447 1055 1604 1105 Ἐφέσῳ·
1639 1059 1686 1098 ὡς
1715 1058 1779 1104 μὲν
1823 1050 1829 1053 ’

1064 1113 1249 1163 Ἐφέσιοι
1226 1127 1362 1162 αγουσιν
1371 1115 1439 1151 ἀπὸ
1449 1115 1645 1161 πρυτάνεως
1654 1114 1779 1150 Σελεύ-
1835 1135 1836 1138 =

1066 1186 1129 1209 ’κου
1153 1174 1232 1218 437,
1251 1181 1306 1210 89
1343 1172 1610 1218 πρυτανεύοντος
1634 1173 1778 1217 496,13.
1828 1187 1830 1190 ’

1067 1231 1263 1276 πρυτάνεων
1296 1231 1373 1274 516,
1403 1238 1455 1266 19.
1507 1230 1543 1265 ἐν
1573 1220 1797 1279 Κολοφῶνι·-
1824 1227 1837 1230 ’

1069 1287 1124 1323 ἐπὶ
1144 1288 1338 1333 πρυτάνεως
1363 1287 1441 1332 530,
1456 1294 1488 1322 4.
1527 1286 1564 1321 ἐν
1580 1284 1778 1333 Μηθύμνῃ·

1067 1345 1123 1380 ἐπὶ
1150 1344 1331 1391 πρυτάνιος
1360 1341 1473 1392 Ἀρχία
1497 1344 1552 1388 78,
1571 1351 1602 1379 3.
1643 1342 1679 1378 ἐν
1702 1339 1779 1378 Μυ-
1817 1378 1820 1380 ,

1066 1402 1204 1450 τιλήνῃ·
1230 1401 1286 1436 ἐπὶ
1305 1399 1452 1447 Σμιθίνα
1474 1400 1653 1449 προτάνιος
1677 1400 1709 1444 2,
1725 1407 1777 1435 36.
1823 1426 1825 1430 .

1069 1459 1103 1493 ἐν
1120 1458 1289 1505 Περγάμῳ
1316 1459 1392 1503 265,
1413 1465 1464 1493 16.
1505 1458 1540 1493 ἐν
1558 1456 1636 1503 Τέῳ
1657 1457 1734 1502 309,
1748 1463 1778 1492 6.
1814 1491 1825 1502 y.

1068 1516 1104 1551 ἐν
1121 1515 1248 1562 Τήμνῳ
1267 1517 1407 1559 265,14.
1434 1514 1469 1550 ἐν
1487 1513 1630 1561 Φωκαίᾳ
1639 1515 1778 1558 489,12.
1823 1513 1830 1558 ⁴3

1067 1573 1225 1622 πρύτανις
1250 1572 1307 1607 διὰ
1331 1572 1405 1619 βίου
1429 1571 1464 1607 ἐν
1485 1570 1694 1618 Πτολεμαΐδι
1715 1574 1779 1617 τῆς
1826 1587 1830 1597 ³
1850 1581 1855 1595 ³

1068 1629 1240 1676 Θηβαΐδος
1278 1631 1331 1674 50,
1358 1637 1387 1664 4.
1419 1630 1473 1673 51,
1498 1637 1528 1665 3.
1580 1628 1779 1677 πρυτάνεις·
1827 1631 1855 1673 ,ᾗ

1066 1685 1262 1734 Ἀντιοχέων
1285 1690 1348 1733 τῆς
1373 1685 1536 1732 Περσίδος
1559 1686 1637 1730 233,
1659 1693 1710 1721 10.
1725 1692 1777 1720 88.
1834 1699 1836 1703 ’

1064 1742 1194 1779 Ἰλιέων
1213 1744 1290 1787 219,
1303 1750 1421 1779 20.29.
1448 1741 1778 1790 Μιλησίων213,20.

1067 1800 1215 1847 Μυρέων
1233 1801 1310 1845 572,
1329 1809 1359 1837 4.
1400 1799 1633 1847 Περγαμηνῶν
1650 1800 1728 1844 264,
1749 1807 1777 1833 1,
1843 1813 1855 1828 ,

1067 1857 1306 1903 Πτολεμαιέων
1353 1861 1418 1903 τῆς
1456 1855 1628 1903 Θηβαΐδος
1665 1857 1720 1900 48,
1748 1861 1778 1890 2,

1066 1916 1122 1959 49,
1144 1922 1195 1950 14.
1237 1912 1382 1961 Σιφνίων
1409 1915 1485 1959 730,
1506 1921 1559 1949 28.
1600 1911 1779 1959 Στρατονι·
1819 1921 1829 1956 j·
1851 1920 1855 1938 ὲ

1067 1971 1156 2006 ’κέων
1180 1972 1259 2015 441,
1279 1979 1342 2006 140
1820 2007 1855 2027 ,7

1021 2030 1175 2076 πρώϊμος
1187 2038 1194 2046 ·
1220 2027 1299 2061 ὅταν
1323 2027 1341 2062 ὁ
1358 2028 1514 2073 πρώϊμος
1531 2026 1656 2073 σπόρος
1669 2038 1777 2072 παρα·
1831 2022 1857 2069 ξῖ

1069 2085 1130 2132 στῇ
1156 2086 1210 2128 56,
1231 2091 1270 2118 68
1831 2086 1836 2095 ‘

1022 2140 1175 2188 πρωρεύς
1201 2140 1278 2184 674,
1301 2147 1338 2174 11

1021 2197 1233 2245 πρωτάρχων
1258 2198 1335 2241 492,
1358 2200 1417 2232 12’

1022 2253 1204 2300 πρωτεύω·
1229 2253 1263 2295 ἐξ
1289 2253 1409 2299 ἀνδρὸς
1431 2254 1663 2300 πρωτεύοντος
1687 2254 1723 2290 ἐν
1738 2254 1780 2302 τῇ
1811 2252 1829 2302 ,ζ

1069 2310 1276 2358 μητροπόλει
1306 2308 1464 2358 Ἀμασείᾳ
1496 2311 1574 2355 529,
1593 2317 1646 2347 24.
1685 2323 1777 2358 πρω-
1817 2303 1821 2308 1

1066 2367 1206 2402 τεύοντα
1230 2371 1290 2402 τοῦ
1308 2367 1427 2406 ἔθνους
1452 2368 1529 2411 563,
1549 2374 1578 2402 6.
1617 2367 1705 2414 ἀνὴρ
1723 2379 1776 2414 φι-
1812 2396 1826 2407 ‚

1067 2423 1246 2471 λόχριστος
1270 2424 1454 2470 πρωτεύων
1479 2425 1558 2468 610,
1575 2432 1592 2458 5
1808 2422 1816 2430 ”

1021 2480 1259 2527 πρωτοπραξία
1282 2482 1360 2525 669,
1381 2489 1432 2516 19.
1453 2487 1492 2515 26
1811 2513 1815 2525 ÷

1022 2543 1173 2585 πρῶτος·
1198 2543 1333 2583 πρῶτον
1353 2543 1421 2573 τῶν
1441 2534 1622 2584 Ἑλλήνων
1648 2538 1725 2582 652,
1744 2542 1774 2571 2.
1817 2551 1823 2568 ¹:

1067 2598 1128 2628 τοῦ
1163 2596 1298 2640 πρώτου
1329 2600 1396 2629 τῶν
1427 2591 1604 2640 Ἑλλήνων
1641 2594 1719 2638 545,
1745 2599 1776 2628 8.

1067 2651 1124 2685 τὸν
1160 2656 1292 2698 πρῶτον
1327 2656 1390 2698 τῆς
1421 2650 1602 2698 ἐπαρχείου
1641 2651 1718 2694 549,
1744 2655 1774 2684 2.
1810 2659 1822 2692 j

1068 2710 1203 2753 πρώτου
1242 2708 1413 2755 τάγματος
1450 2707 1564 2754 ’κόμης
1601 2707 1659 2743 καὶ
1698 2705 1776 2747 δούΕ
1810 2720 1812 2726 =

1068 2766 1144 2809 613,
1166 2773 1195 2800 1.
1233 2770 1301 2799 τῶν
1323 2766 1466 2810 πρώτων
1483 2763 1591 2810 φίλων
1615 2774 1650 2799 v.
1668 2763 1775 2809 φίλος.
1808 2782 1811 2783 ν

1067 2823 1209 2868 πρώτως
1233 2822 1310 2865 602,
1329 2830 1346 2856 4
1810 2823 1816 2828 '

1021 2878 1228 2926 πτεροφόραι
1252 2879 1305 2922 56,
1322 2886 1350 2913 4.
1376 2880 1433 2922 90,
1453 2885 1469 2912 6
