1858 3126
244 200 246 202 Ι
259 139 343 181 660

257 273 487 313 ἐπισκευάζω·
513 271 822 312 ἐπισκευαζέτωσαν
845 272 877 307 οἱ
893 285 1017 319 κεκτη-

305 331 401 376 μένοι
428 331 508 374 483,
528 336 582 365 92.
630 329 653 363 ἃ
685 329 747 375 μὲν
781 328 1014 371 ἐπεσκεύασεν,

302 388 346 422 τὰ
385 387 423 422 δὲ
461 387 521 422 καὶ
559 386 806 422 κατεσκεύασεν
852 388 929 431 510,
962 394 1014 422 10.

303 444 510 479 ἐπεσκεύασε
532 445 571 479 τὸ
595 443 791 479 ἐπιστύλιον
816 445 894 488 628,
914 451 931 478 2

256 501 536 547 ἐπισκευάσιμος·
576 501 636 536 ἐὰν
673 500 860 547 φαίνωνται
899 501 1014 539 αὐτοῖς

303 559 558 605 ἐπισκευάσιμοι
581 557 668 593 εἶναι
692 559 771 602 483,
791 565 831 593 92

255 616 420 663 ἐπισκευή
446 617 611 660 483,189.
635 616 781 660 595,14.
800 622 853 650 27.
894 616 1015 662 ἐπεμε-

300 673 459 720 λήθησαν
485 673 523 707 δὲ
546 673 604 708 καὶ
632 673 708 719 περὶ
737 677 800 719 τῆς
830 673 1014 720 ἐπισκευῆς

300 736 367 765 τῶν
387 731 485 776 ἱερῶν
503 729 735 776 ἀναθημάτων
761 731 839 774 267,
860 738 912 765 11.
949 730 1012 776 τὴν

301 788 335 823 ἐν
352 788 403 833 τῷ
416 786 661 834 νομοφυλακίῳ
679 787 862 834 ἐπισκευήν
887 788 965 830 300,
982 795 1012 822 3.

299 850 367 879 τῶν
400 844 438 878 δὲ
468 843 638 890 δεομένων
670 844 853 890 ἐπισκευῆς
888 850 1011 879 κοινῶν

297 901 424 949 τοίχων
448 901 528 945 483,
547 908 624 936 101.
665 900 723 936 ἐὰν
749 903 942 947 (πτώματος
958 914 1014 948 γε-

298 958 453 1004 νομένου)
478 958 661 1003 ἐπισκευῆς
677 957 910 1004 προσδέωνται
932 959 1011 1003 483,

302 1023 378 1050 143.
399 1022 475 1050 164.
514 1014 557 1049 τὰ
579 1014 813 1060 προσδεόμενα
829 1015 1012 1062 ἐπισκευῆς

299 1073 354 1116 90,
373 1079 413 1107 34

252 1129 468 1175 ἐπισκήπτω·
510 1128 758 1176 ἐπέσκηψανθ)
800 1129 837 1163 δὲ
871 1130 930 1164 καὶ
965 1149 1011 1155 -—

296 1186 458 1233 κουφίσαι
480 1185 575 1232 ἡμᾶς
601 1187 678 1230 751,
698 1194 715 1220 6

250 1243 437 1289 ἐπισκοπή·
485 1243 656 1293 ἐπισκοπῇ
704 1241 826 1279 Αἰλίου
873 1242 1009 1279 Βάσσου

296 1301 375 1344 614,
395 1307 412 1335 e

251 1356 435 1396 ἐπίσκοπος
463 1358 599 1393 πάντων
623 1363 691 1393 τῶν
717 1356 840 1394 ἐνθάδε
870 1357 1010 1405 γενομέ-

295 1427 363 1450 νων
389 1415 497 1461 ἔργων
522 1416 601 1460 611,
621 1423 638 1450 8

250 1471 423 1507 ἐπισπάω·
447 1469 523 1507 καθ’
536 1471 615 1507 ὅλον
634 1470 697 1507 οὐκ
709 1471 749 1506 ἂν
764 1471 1009 1517 ἐπεσπάσμεθα

295 1529 360 1575 τὴγ
383 1528 491 1575 κρίσιν
519 1530 572 1573 13,
593 1538 610 1564 6

250 1585 432 1632 ἐπιστάτης
459 1588 537 1629 (-ας)
562 1588 617 1630 44,
638 1594 668 1621 7.
693 1587 772 1630 268,
787 1594 818 1620 4.
860 1586 1010 1630 (ἐπιστα-

295 1644 445 1685 τοῦντος)
479 1644 558 1687 219,
579 1651 608 1678 1.
664 1642 841 1678 ἐπιστάται
876 1645 952 1688 139,
978 1652 1007 1678 5.

296 1701 375 1744 456,
395 1707 450 1735 23.
482 1701 561 1744 695,
582 1708 611 1734 5.
652 1699 834 1746 ἐπιστάτης
861 1705 923 1748 τῆς
947 1701 1009 1735 πό-

294 1756 385 1796 λεως
418 1755 646 1803 (Βαβυλῶνος)
677 1758 755 1801 254,
777 1765 805 1792 3.
843 1755 1008 1804 (Αἰγίνης)

296 1815 374 1857 329,
395 1821 447 1848 35.
499 1813 682 1859 ἐπιστάτης
711 1817 772 1849 τοῦ
807 1813 919 1860 δήμου
951 1815 1010 1849 καὶ

293 1875 356 1916 τῆς
402 1871 539 1910 πόλεως
588 1869 819 1916 (Δορυλαείου)
866 1872 946 1916 479,
977 1879 1008 1906 7.

294 1928 475 1974 ἐπιστάτης
506 1928 565 1963 καὶ
595 1927 812 1975 γραμματεὺς
834 1933 903 1962 τῶν
927 1941 1007 1963 κατ-

294 1984 396 2020 οίκων
419 1985 548 2019 ἱππέων
580 1986 698 2029 128,3.
738 1985 1007 2031 ἐπιστατήσαντα

293 2042 544 2086 μεταπέμπτων
581 2041 805 2089 δικαστηρίων
847 2043 925 2085 556,
955 2050 1006 2076 13.

293 2097 476 2143 ἐπιστάτης
492 2103 560 2132 τῶν
578 2097 773 2143 φυλακιτῶν
791 2100 846 2141 96,
866 2107 896 2133 4.
934 2098 1006 2133 ἐπι-

292 2154 412 2189 στάται
436 2154 632 2201 φυλακιτῶν
659 2155 737 2198 139,
752 2161 782 2189 6.
823 2155 1006 2201 ἐπιστάτης

290 2214 352 2245 τοῦ
381 2209 554 2246 Μουσείου
585 2211 661 2254 104,
680 2218 711 2246 4.
742 2211 820 2255 679,
841 2219 870 2246 3.
918 2211 936 2246 ὁ
969 2212 1003 2246 ἐν

291 2266 424 2314 ἑκάστῳ
453 2274 520 2302 τῶν
552 2268 651 2314 ἱερῶν
679 2270 898 2315 προεστηκὼς
928 2268 1001 2303 ἐπι-

292 2324 417 2371 στάτης
432 2324 491 2359 καὶ
504 2323 682 2373 ἀρχιερεύς
707 2325 827 2368 56,73.
869 2324 1004 2359 ἐπιστα-

290 2381 397 2427 τήσας
421 2384 481 2415 τοῦ
506 2379 679 2427 Καίσαρος
701 2384 785 2416 ναοῦ
811 2382 889 2425 555,
909 2388 926 2415 2

246 2436 455 2472 ἐπιστέλλω·
493 2437 733 2483 ἐπεστείλαμεν
766 2438 804 2472 δὲ
833 2437 891 2472 καὶ
919 2438 1003 2483 πρὸς

289 2494 328 2528 τὸ
354 2493 452 2532 ἔθνος
478 2495 556 2538 504,
577 2502 628 2529 16.
671 2495 801 2540 ἔκρινον
819 2494 1003 2529 ἐπιστεῖλαί

290 2562 344 2586 σοι
369 2551 446 2595 331,
465 2558 519 2585 25.
565 2550 744 2585 ἐπέστειλα
767 2550 863 2597 αὐτῷ
887 2550 1001 2597 δηλῶν

288 2608 327 2642 τὸ
359 2610 500 2654 πρᾶγμα
530 2607 608 2642 ὅλον
641 2609 719 2651 502,
743 2615 774 2642 4.
824 2607 1001 2643 ἐπέστειλα

290 2665 328 2699 δὲ
361 2661 516 2712 Ἑσπέρῳ
551 2664 602 2711 τῷ
636 2663 810 2712 ἐπιτρόπῳ
849 2666 999 2709 502,10.

289 2720 536 2759 ἐπεσταλκότες
567 2719 666 2766 ὑμεῖν
695 2733 732 2755 τε
768 2721 883 2760 αὐτοῖς
916 2720 1000 2767 ὑπὲρ

288 2777 393 2812 αὐτοῦ
434 2779 511 2822 507,
532 2786 561 2813 5.
618 2777 658 2812 ἐκ
696 2783 764 2812 τῶν
805 2777 856 2813 ὑπ’
890 2777 999 2813 αὐτῶν

289 2833 550 2880 ἐπεσταλμένων
572 2836 718 2879 506,10.
755 2834 1000 2873 ἐπιστείλαντές

289 2904 348 2936 μοι
373 2889 644 2938 ἐκδικηθήσεσθε
670 2893 748 2936 609,
769 2899 820 2927 13.
860 2891 905 2925 τὰ
927 2891 999 2926 ἐπι-

974 135 1125 169 Indices.

1133 272 1341 318 στελλόμενα
1364 270 1417 321 ὑφ’
1437 273 1538 320 ἡμῶν
1557 273 1744 320 προθύμως
1769 274 1841 310 ἐπι-

1130 329 1312 368 τελοῦντας
1337 331 1415 375 751,
1435 338 1474 366 10

1087 386 1282 426 ἐπιστολεὺς
1305 390 1366 422 τοῦ
1391 387 1640 435 αὐτοκράτορος
1663 389 1740 433 679,
1761 396 1776 423 7

1086 443 1248 490 ἐπιστολή
1275 446 1328 489 59,
1345 452 1374 480 3.
1402 446 1480 490 137,
1495 453 1525 480 ⁷.
1553 446 1630 490 168,
1645 452 1698 480 27.
1715 454 1767 481 51.
1789 453 1841 481 52.

1132 503 1210 546 215,
1230 510 1261 537 8.
1301 503 1380 546 221,
1399 509 1453 537 73.
1494 503 1572 546 228,
1593 509 1646 537 18.
1690 503 1768 547 244,
1788 510 1841 538 41.

1131 560 1210 603 262,
1239 566 1269 593 1.
1310 560 1388 603 267,
1415 567 1468 594 36.
1515 560 1594 604 315,
1621 566 1674 595 12.
1705 568 1756 595 30.
1787 567 1841 595 41.

1132 617 1273 660 326,17.
1299 617 1464 660 335,14ο.
1481 623 1556 651 141.
1582 617 1701 660 502,9.
1719 625 1771 651 15.
1788 624 1841 652 19.

1132 674 1249 717 538,1.
1277 674 1354 717 543,
1370 681 1422 708 10.
1447 674 1526 717 595,
1542 681 1571 708 1.
1592 679 1645 707 22.
1671 674 1750 718 629,
1766 681 1842 709 154.

1134 738 1209 764 169.
1231 737 1305 764 172.
1337 731 1415 774 665,
1435 737 1466 765 3.
1506 729 1683 765 ἐπιστολαί
1712 732 1791 775 221,
1809 737 1841 766 2.

1129 788 1208 831 224,
1229 794 1281 822 34.
1320 787 1380 825 τὰς
1405 786 1586 826 ἐπιστολὰς
1601 786 1661 826 τὰς
1681 785 1758 834 παρ’
1773 785 1842 824 Ἀν-

1128 844 1262 891 τιγόνου
1287 845 1319 888 6,
1335 851 1388 879 37.
1436 843 1499 889 τὴν
1523 841 1599 889 παρΙ
1619 843 1720 890 ἡμῶν
1750 846 1786 888 (i.
1810 855 1842 880 e.

1129 912 1151 935 a
1197 911 1282 944 rege
1320 902 1510 944 Antigono)
1558 900 1753 948 ἐπιστολήν,
1797 901 1841 948 ἣν

1130 957 1327 1004 ἐγράψαμεν
1346 956 1430 1004 ὑπὲρ
1447 963 1515 993 τῶν
1531 954 1739 1005 Ἀγωνίππου
1757 959 1840 994 υἱῶν

1129 1016 1161 1058 8,
1198 1022 1260 1050 112
1275 1025 1354 1059 sqq.
1426 1014 1582 1060 βασιλεὺς
1626 1014 1840 1062 Πτολεμαῖος

1129 1070 1255 1119 ἔγραψε
1286 1070 1371 1117 ὑπὲρ
1404 1071 1509 1107 αὐτοῦ
1540 1071 1576 1107 ἐν
1607 1072 1770 1121 ἐπιστολᾷ
1800 1073 1840 1109 ἃν

1129 1129 1263 1176 ἔπεμψε
1295 1129 1373 1164 ποτὶ
1395 1129 1453 1164 τὸν
1478 1129 1587 1175 δᾶμον
1620 1130 1687 1173 (τὸν
1712 1127 1839 1176 Κῴων)

1127 1187 1184 1231 42,
1203 1194 1220 1220 4
1237 1196 1317 1231 sqq.
1363 1185 1478 1232 λαβὼν
1501 1205 1549 1211 -
1571 1186 1679 1222 πίστιν
1705 1187 1858 1229 &moto-5

1127 1242 1198 1278 λῶν
1223 1244 1302 1288 494,
1323 1251 1362 1278 1⁷
1780 1288 1784 1292 .
1851 1235 1858 1302 ξ

1082 1299 1372 1347 ἐπιστολογράφος
1386 1301 1527 1346 139,14.
1542 1301 1683 1345 168,49.
1700 1302 1838 1346 194,24.

1128 1357 1206 1401 259,
1224 1364 1242 1390 4
1262 1375 1266 1378 -

1081 1413 1351 1461 ἐπιστρατηγέω·
1369 1413 1692 1462 ἐπιστρατηγοῦντος
1706 1415 1784 1460 708,
1795 1423 1836 1451 10

1082 1469 1327 1518 ἐπιστράτηγος
1362 1473 1438 1516 103,
1457 1480 1487 1507 4.
1524 1473 1600 1516 133,
1618 1480 1649 1508 4.
1686 1473 1763 1517 168,
1783 1480 1837 1508 34.

1130 1528 1206 1572 186,
1219 1535 1248 1562 2.
1277 1529 1352 1572 190,
1366 1535 1397 1563 s.
1421 1530 1500 1573 659,
1515 1535 1546 1564 2.
1571 1530 1692 1573 661‚2.
1718 1530 1836 1574 663‚³.
1857 1532 1858 1571 ;

1127 1584 1374 1632 ἐπιστράτηγος
1391 1586 1473 1632 (τῆς)
1493 1584 1667 1631 Θηβαΐδος
1694 1586 1836 1631 168,49.
1855 1575 1858 1620 ἓ

1127 1642 1205 1686 685,
1224 1649 1254 1677 2.
1280 1643 1358 1686 700,
1376 1650 1407 1676 4.
1435 1643 1511 1686 702,
1531 1650 1549 1677 ο

1081 1698 1290 1747 ἐπιστρέφω·
1312 1698 1446 1746 ὄφελομ
1464 1700 1526 1744 μὲν
1543 1698 1568 1746 ἡ
1585 1699 1664 1739 θεὸς
1680 1699 1838 1747 ἐπιστρα-

1127 1760 1229 1803 φεῖσα
1237 1761 1305 1791 τῶν
1317 1755 1422 1801 αὑτῆς
1431 1756 1545 1805 ἱερέων
1557 1756 1767 1803 ὑβρισμένων
1778 1756 1838 1792 καὶ

1126 1812 1355 1860 ὑβριζομένων
1380 1817 1539 1860 στερῆσαι
1563 1815 1622 1848 τὸν
1644 1817 1752 1848 ταῦτα
1774 1826 1837 1849 πο·

1124 1870 1255 1915 ήσαντα
1271 1868 1319 1904 ὧν
1344 1869 1491 1915 μάλιστα
1507 1870 1670 1917 ἐπιθυμεῖ
1694 1871 1835 1914 315,16.

1126 1927 1164 1961 οὐ
1220 1927 1284 1973 γὰρ
1339 1924 1622 1974 ἐπιστραφήσεσὶῗ
1685 1927 1836 1967 ἐκείνους

1125 1985 1204 2027 315,
1223 1991 1276 2019 60.
1312 1983 1526 2031 ἐπιστραφεὶς
1539 2002 1587 2010 -
1601 1989 1670 2019 τῶν
1685 1983 1835 2020 πολιτῶν

1124 2041 1202 2084 339,
1223 2047 1262 2075 28

1078 2097 1264 2144 ἐπιστροφῇ
1280 2100 1354 2135 τοῖς
1371 2096 1562 2142 βασιλεῦσιν
1588 2098 1667 2142 319,
1685 2104 1738 2134 25.
1777 2096 1838 2137 tm

1124 2153 1285 2199 φροντίσῃ
1314 2153 1374 2188 καὶ
1404 2152 1614 2201 ἐπιστροφὴν
1649 2155 1842 2201 ποιήσηταίῇ

1121 2211 1200 2254 441,
1221 2217 1260 2244 eo
1831 2204 1843 2245 ζ’

1076 2266 1268 2301 ἐπιστύλιον
1293 2267 1372 2311 628,
1392 2274 1410 2301 2

1075 2322 1284 2370 ἐπισυνάγω·
1341 2328 1415 2364 τοῖς
1462 2323 1736 2372 ἐπισυναχθεῖσιν
1782 2337 1799 2360 e
1817 2318 1830 2349 s

1121 2380 1226 2427 αὐτὴν
1251 2380 1385 2424 (Λύκων
1409 2380 1518 2425 πόλιν)
1543 2381 1696 2428 ἀσεβέσιν
1721 2383 1776 2427 90,
1818 2426 1822 2427 ⁷

1074 2437 1214 2485 ἐπιταγή
1240 2439 1318 2483 333,
1337 2446 1368 2473 9.
1393 2439 1471 2482 674,
1491 2445 1506 2472 1

1074 2492 1259 2529 ἐπιτάττω·
1283 2495 1342 2530 καὶ
1365 2495 1517 2536 ἐπιτάξαι
1538 2498 1612 2534 τοῖς
1629 2494 1750 2542 ἱερεῦσι
1815 2487 1817 2489 ¹
1848 2487 1851 2491 ¹

1120 2551 1336 2598 ἱεροψάλταις
1366 2551 1422 2587 ἐπὶ
1452 2557 1520 2587 τῶν
1554 2550 1668 2597 ὕμνων
1698 2564 1770 2598 μεμ
1800 2558 1816 2595 ιζ

1120 2608 1199 2643 σθαι
1223 2609 1326 2644 αὐτοῦ
1352 2610 1428 2652 737,
1450 2617 1502 2645 16.
1547 2611 1608 2643 τοῦ
1631 2608 1755 2644 ἀνθυπ
1793 2628 1797 2637 ·
1816 2612 1818 2614 ’
1841 2598 1850 2612 ’

1117 2684 1163 2691 —
1187 2666 1404 2707 ἐπιτάξαντος
1427 2669 1501 2704 τοῖς
1516 2664 1744 2712 Ποιμανηνῶν
1773 2684 1778 2693 ι

1116 2735 1235 2769 χουσιν
1273 2720 1507 2763 ἐξαποστεῖλαι
1540 2740 1586 2747 —
1621 2733 1760 2768 στρατι
