1858 3126
123 163 204 207 54⁴]
735 162 772 196 C.
788 119 902 195 Iulius
925 162 1090 195 Severus.
1413 195 1416 198 .
1613 162 1699 203 219

240 300 440 344 ὑπατικῶν
466 296 634 343 Ἰουλίου
666 299 671 356 1
703 315 746 342 τε
774 297 1012 356 ΚοδράτοοΊ
1047 297 1116 341 καὶ
1156 298 1353 356 βασιλέως
1386 298 1391 354 Ι
1416 295 1703 357 Ἀλεξάνδρουῦ

123 460 264 497 confert
285 471 371 496 eum
394 459 561 500 Δύτευτος
586 461 684 505 apud
699 460 914 496 Strabonem
934 460 1011 503 x11,
1030 462 1060 503 3,
1079 462 1121 494 8⁵
1146 468 1182 503 p.
1201 462 1278 502 558,
1303 460 1453 494 alteram
1477 470 1565 495 vero
1583 463 1701 497 ΛΑΟΥ

124 520 247 564 potius
269 529 380 564 quam
404 521 527 555 ΑΛΟΥ
551 519 663 553 fuisse
686 519 819 553 conicit
841 519 1054 561 comparato
1083 518 1229 551 nomine
1253 515 1475 553 Domnilaus
1498 519 1596 562 apud
1616 519 1702 553 Cae-

123 585 242 612 sarem
258 578 296 611 B.
310 577 347 611 C.
363 578 421 621 111,
440 579 472 621 t,
489 581 521 611 5.
561 577 666 616 Quod
681 585 770 611 vero
795 575 947 610 fortasse
963 576 1086 619 ipsum
1103 584 1236 608 nemen
1260 572 1481 619 Δυ(μν)ιλάου
1509 578 1702 611 restituen-

124 628 213 669 dum
237 643 317 669 esse
346 635 445 678 dicit,
476 635 513 668 id
537 635 627 668 mihi
652 635 772 668 minus
795 633 984 678 probatur,
1014 633 1101 676 quia
1131 633 1185 666 sic
1216 641 1284 676 pro
1307 633 1377 667 illis
1409 634 1551 668 duabus
1575 635 1700 678 hastis,

124 701 216 736 quas
239 694 380 727 eertum
410 695 466 726 est
488 693 525 726 in
549 692 668 736 lapide
690 700 781 735 esse,
806 692 966 734 quinque
990 691 1123 724 incisas
1147 692 1211 724 aut
1234 692 1332 724 certe
1357 692 1565 726 incidendas
1590 692 1701 726 fuisse

125 750 343 784 sumendum
366 751 472 784 esset.
589 753 608 783 5
640 750 731 783 Cum
756 750 1001 783 Mommsenus
1034 750 1200 791 negasset
1231 748 1371 782 definiri
1396 757 1505 792 posse
1529 750 1612 792 quis
1636 759 1701 793 po-

125 807 308 842 tissimum
347 816 393 841 ex
428 807 547 841 tribus
581 807 709 841 Attalis
745 806 892 849 regibus
927 806 1188 849 designaretur,
1223 806 1438 840 Reinachius
1481 807 1703 841 confidenter

124 865 284 899 Attalum
307 865 339 898 11
361 865 634 908 Philadelphum
659 865 684 906 (4
695 867 800 898 rso—⁴
810 867 852 897 38
877 874 908 898 a.
927 864 1008 898 Chr.
1026 864 1071 905 n.)
1097 864 1254 906 agnovit.
1303 863 1394 897 Nam
1420 865 1528 907 primi
1554 865 1702 907 quidem

124 922 220 965 regis
243 932 316 956 non
339 923 458 957 tantas
482 922 593 956 fuisse
616 931 715 966 opes,
739 923 781 955 ut
804 923 902 955 recte
916 922 1022 955 Asiae
1045 930 1197 964 regnum
1220 922 1254 955 ei
1272 921 1385 955 tribui
1400 924 1535 965 posset,
1552 923 1702 955 tertium

125 988 212 1014 vero
229 980 376 1014 omnino
400 981 541 1023 prolem
558 980 729 1014 habuisse
745 979 892 1013 nullam.
928 979 974 1012 At
989 980 1188 1022 quominus
1206 981 1449 1012 statueremus
1465 979 1584 1013 Attalo
1603 981 1633 1012 11
1657 989 1701 1013 ex

125 1038 324 1071 Stratonice
339 1038 472 1081 regina,
485 1047 595 1080 quam
609 1039 696 1080 post
707 1037 878 1071 Eumenis
896 1037 1015 1070 fratris
1032 1036 1175 1070 obitum
1191 1037 1228 1069 in
1246 1038 1521 1070 matrimonium
1538 1037 1703 1071 duxisset

126 1095 170 1137 (n.
190 1093 287 1137 8082)
312 1094 422 1130 filiam
446 1097 567 1129 natam
591 1104 683 1138 esse,
715 1095 820 1128 cuius
843 1103 972 1128 rursus
997 1094 1068 1128 iilia
1092 1095 1195 1128 aviae
1219 1103 1352 1127 nomen
1382 1103 1508 1137 gerens
1531 1095 1702 1128 Deiotaro

124 1153 308 1196 nupsisset
347 1153 538 1195 (Plutarch.
563 1153 757 1186 mulierum
789 1154 871 1186 virt.
897 1161 933 1195 p.
952 1151 1052 1185 258C
1066 1153 1111 1185 D:
1156 1150 1306 1198 παρέσχε
1343 1146 1368 1184 δ’
1402 1150 1425 1196 ἡ
1462 1149 1610 1185 Γαλατία
1645 1152 1703 1186 καὶ

126 1206 355 1255 Στρατονίκην
396 1210 459 1255 τὴν
495 1207 686 1256 Δηϊοτάρου
731 1208 789 1243 καὶ
830 1207 1009 1253 Χιομάραν
1044 1208 1107 1254 τὴν
1139 1204 1387 1253 Ὀρτιάγοντος,
1427 1207 1521 1248 ἀξίας
1562 1208 1703 1254 μνήμης

125 1268 310 1313 γυναῖκας),
334 1268 423 1301 nihil
449 1267 605 1301 obstare.
647 1268 780 1301 Contra
803 1276 913 1309 quem
938 1267 1154 1309 monuerim,
1171 1267 1397 1300 Stratonicen
1421 1275 1505 1299 cum
1524 1266 1702 1300 Eumenes

127 1324 316 1358 decederet
347 1334 418 1358 non
451 1325 564 1357 multo
596 1326 717 1357 minus
749 1334 859 1367 quam
890 1324 1151 1367 quinquaginta
1182 1333 1295 1357 annos
1325 1325 1446 1357 natam
1477 1323 1599 1365 misse,
1630 1333 1703 1366 qua

127 1382 243 1415 aetate
267 1382 438 1415 mulieres
462 1383 651 1415 etiamtum
668 1391 794 1425 parere
817 1391 890 1415 non
910 1381 1112 1430 inauditum
1130 1381 1289 1424 quidem,
1314 1381 1379 1414 sed
1399 1383 1497 1414 certe
1513 1390 1703 1424 perrarum

127 1440 191 1472 est.
240 1439 432 1482 Ceteroqui
448 1448 534 1473 sane
558 1448 733 1482 perquam
759 1431 1033 1473 accommodata
1056 1439 1102 1473 ad
1126 1439 1418 1482 persuadendum
1444 1441 1500 1472 est
1523 1439 1706 1472 Reinachii

127 1497 315 1540 sententia,
339 1497 404 1531 sed
433 1498 643 1540 neutiquam
675 1506 805 1540 negare
837 1498 930 1540 licet,
962 1498 1071 1530 etiam
1104 1497 1208 1530 aliter
1238 1505 1316 1530 rem
1349 1506 1388 1531 se
1419 1497 1553 1530 habere
1587 1505 1703 1540 posse.

126 1553 219 1588 Nam
249 1554 349 1597 quod
382 1555 442 1588 ille
477 1555 522 1588 de
549 1555 667 1588 Attalo
691 1556 706 1588 1
744 1555 902 1597 cogitare
931 1556 1030 1588 vetat
1064 1556 1215 1597 propter
1242 1554 1357 1588 verba
1389 1553 1554 1599 βασιλέως
1586 1550 1705 1598 Ἀσίας,

127 1611 316 1645 manifesto
346 1610 500 1645 nii'nium
530 1611 657 1645 tribuit
687 1612 886 1654 magnificis
917 1612 1011 1646 tituli
1042 1612 1226 1645 honorarii
1250 1611 1383 1645 verbis.
1438 1611 1492 1645 Ab
1522 1612 1584 1645 illo
1615 1621 1703 1645 vero

127 1669 279 1712 stirpem
302 1669 425 1703 Severi
448 1669 606 1703 derivari
630 1670 792 1712 potuisse
816 1670 917 1703 varia
948 1669 1089 1702 ratione
1119 1670 1156 1702 in
1188 1669 1382 1712 propatulo
1407 1671 1471 1702 est.
1527 1668 1630 1712 Nam,
1663 1671 1705 1702 ut

126 1727 197 1760 boc
219 1728 311 1770 utar,
336 1727 577 1760 Philetaerum
601 1729 638 1760 et
651 1728 876 1761 Athenaeum
901 1729 987 1760 natu
1004 1728 1174 1760 minimos
1198 1736 1242 1760 ex
1265 1727 1403 1760 Attalil
1428 1729 1464 1759 et
1479 1727 1703 1769 Apollonidis

126 1783 210 1823 filiis
234 1784 279 1826 (n.
295 1783 394 1817 2⁹5⁹.
424 1784 539 1825 29610)
572 1784 724 1818 masculi
756 1785 903 1827 quidem
934 1793 1043 1817 sexus
1073 1785 1214 1827 prolem
1239 1793 1310 1817 non
1335 1784 1525 1826 reliquisse
1549 1786 1701 1817 constat.

125 1841 172 1874 At
194 1842 364 1874 neutrum
388 1850 432 1874 ex
456 1842 513 1875 bis
536 1851 689 1875 uxorem
713 1842 860 1875 duxisse
884 1842 1031 1885 probari
1055 1842 1191 1884 nequit,
1216 1842 1265 1875 ita
1290 1843 1331 1874 ut
1355 1841 1456 1874 facile
1481 1841 1559 1874 fieri
1584 1842 1701 1884 possit

127 1900 169 1932 ut
189 1898 262 1932 filia
286 1898 435 1932 alterius
458 1900 576 1932 utrius
607 1900 667 1932 hic
689 1900 727 1932 in
750 1908 899 1933 censum
923 1900 1054 1932 veniat.
1110 1899 1220 1932 Porro
1251 1899 1461 1941 neutiquam
1493 1898 1703 1931 incredibile

126 1957 192 1999 est,
227 1965 302 1989 non
336 1956 472 1989 liberos
507 1965 552 1989 ex
586 1957 746 1999 legitimo
772 1957 1006 1990 matrimonio
1040 1958 1250 1999 procreatos
1275 1957 1418 1999 respici,
1454 1956 1518 1989 sed
1543 1957 1701 1998 spurios.

124 2013 287 2056 Denique
314 2022 360 2046 ne
393 2013 482 2046 illud
513 2014 661 2056 quidem
690 2014 764 2047 ulla
792 2023 836 2047 ex
868 2016 970 2057 parte
1001 2013 1242 2057 improbabile
1272 2015 1338 2054 est,
1369 2023 1440 2047 non
1471 2022 1607 2056 veram,
1638 2013 1702 2046 sed

125 2071 283 2104 vanitate
306 2073 536 2113 posterorum
561 2071 682 2113 fictam
699 2072 875 2114 originem
891 2072 950 2104 hic
966 2073 1074 2114 tangi,
1091 2081 1163 2114 qua
1187 2072 1231 2105 de
1255 2081 1294 2104 re
1311 2080 1532 2114 provocasse
1548 2068 1702 2104 sufficiet

126 2128 172 2162 ad
193 2128 400 2171 exemplum
417 2129 633 2162 Mithridatis
650 2130 869 2171 Pergameni,
886 2138 995 2171 quem
1016 2130 1208 2162 necessarii
1225 2129 1468 2163 adulterinum
1485 2128 1700 2162 Mithridatis

126 2185 320 2228 Eupatoris
357 2187 451 2228 regis
482 2186 597 2219 filium
628 2195 708 2219 esse
748 2186 970 2220 simulabant
1008 2186 1148 2228 (Strabo
1177 2187 1270 2229 xm,
1290 2188 1320 2229 ⁴,
1340 2189 1357 2218 3
1383 2196 1418 2229 p.
1438 2187 1526 2227 625).
1584 2185 1700 2224 Quare

126 2243 223 2275 recte
246 2251 324 2275 rem
348 2243 385 2275 in
408 2243 527 2276 medio
560 2243 748 2285 reliquisse
778 2243 923 2276 videtur
951 2244 1210 2276 Mommsenus.
1335 2246 1354 2276 6
1385 2244 1503 2276 Minus
1533 2245 1700 2276 accurate

126 2299 186 2332 hie
209 2299 254 2332 de
277 2300 551 2342 consanguineis
581 2301 616 2334 in
649 2302 861 2334 universum
886 2302 1056 2343 usurpari
1080 2310 1211 2334 nomen
1242 2302 1367 2334 statuit
1391 2302 1608 2342 Mommsen,
1641 2301 1700 2332 cui

125 2357 223 2389 recte
246 2356 459 2399 obloquitur
481 2358 646 2401 Reinach,
670 2359 757 2401 quia
780 2358 826 2392 ab
850 2359 906 2391 his
931 2358 1075 2391 definite
1099 2358 1365 2401 distinguantur
1397 2361 1566 2403 συγγενεῖς
1590 2368 1624 2390 v.
1645 2360 1697 2390 Η.

125 2413 273 2456 Propria
297 2415 406 2456 igitur
421 2415 458 2447 vi
474 2417 684 2458 usurpatur,
702 2416 765 2449 sed
781 2416 975 2449 tenendum
998 2418 1053 2449 est
1070 2417 1224 2450 Graecos
1241 2425 1311 2449 non
1329 2416 1547 2458 distinguere
1571 2415 1699 2448 fratres

125 2471 304 2513 patrueles
328 2472 364 2503 et
380 2472 627 2515 consobrinos,
653 2473 715 2505 sed
732 2474 908 2515 utrosque
925 2482 1039 2515 aeque
1061 2471 1218 2518 ἀνεψιούς
1243 2473 1437 2515 appellare.
1486 2473 1520 2504 Si
1545 2472 1698 2505 nomini-

125 2526 194 2561 bus
217 2528 404 2570 gentiliciis
429 2529 565 2571 aliquid
588 2529 821 2563 tribuendum
838 2532 905 2573 est,
929 2531 1060 2563 Iulium
1078 2530 1302 2568 Quadratum
1326 2532 1363 2562 et
1384 2530 1515 2562 Iulium
1531 2529 1697 2570 Aquilam

125 2584 252 2618 iratres
281 2586 462 2627 patrueles
493 2587 626 2629 Severi,
668 2587 857 2621 Claudium
894 2589 1068 2621 Severum
1105 2587 1366 2620 consobrinum
1402 2586 1696 2619 existimaverim.

126 2644 145 2673 ’1
177 2642 214 2676 C.
235 2642 362 2676 Antius
392 2643 505 2677 Aulus
538 2644 648 2677 Iulius
678 2645 718 2677 A.
740 2644 763 2677 f.
788 2645 995 2684 Quadratus
1028 2654 1101 2678 cos.
1129 2647 1182 2677 93.
1208 2647 1273 2678 405
1308 2653 1342 2686 p.
1361 2644 1453 2685 Chr„
1486 2644 1529 2675 de
1555 2652 1627 2684 quo
1653 2642 1694 2674 cf.

125 2707 162 2732 n.
181 2699 278 2732 ⁴86².
398 2703 417 2734 8
450 2700 498 2734 Cf.
524 2710 558 2733 n.
578 2703 654 2743 ⁴28,
674 2704 780 2744 3sqq.
821 2701 889 2740 Qui
913 2702 985 2734 illie
1001 2702 1271 2734 comemoratur
1296 2699 1450 2744 βασιλεὺς
1474 2695 1696 2741 Ἀλέξανδρος,

127 2756 190 2787 aut
211 2756 307 2788 idem
332 2759 387 2790 est
410 2759 473 2799 qui
497 2758 566 2801 hie,
592 2760 653 2791 aut
677 2759 773 2792 illius
797 2767 921 2801 nepos.
971 2759 1061 2791 Cum
1084 2758 1180 2791 illius
1204 2758 1309 2798 filius,
1334 2757 1443 2788 huius
1467 2757 1569 2797 pater
1594 2751 1696 2791 Γάϊος

125 2807 263 2848 Ἰούλιος
277 2808 455 2858 Ἀγρίππας
478 2815 689 2858 appelletur,
707 2817 816 2848 etiam
839 2815 1081 2848 Alexandrum
1104 2815 1213 2847 Iuliae
1238 2814 1352 2855 gentis
1377 2812 1486 2845 fuisse
1509 2812 1696 2843 consenta-

127 2875 236 2910 neum
260 2870 315 2901 est
336 2878 453 2912 neque
476 2873 532 2904 est
555 2880 621 2904 our
644 2881 728 2904 eum
752 2872 1016 2914 distinguamus
1041 2881 1062 2904 a
1086 2872 1121 2904 C.
1140 2871 1228 2903 Iulio
1246 2869 1446 2902 Alexandro
1465 2868 1695 2900 Bereniciano

128 2925 344 2966 proconsule
359 2926 462 2960 Asiae
478 2927 550 2960 fere
569 2931 632 2962 ⁴35
651 2929 820 2971 p.Chr.n.
839 2929 938 2970 (Bull.
957 2929 1001 2962 de
1018 2938 1111 2962 corr.
1130 2928 1215 2960 Heli.
1240 2928 1254 2958 1
1274 2929 1359 2959 ⁴877
1386 2934 1421 2967 p.
1439 2927 1505 2957 292
1530 2934 1563 2958 n.
1584 2927 1636 2968 80,
1652 2926 1695 2966 8).
