1858 3126
39 167 120 210 458]
518 166 746 200 Plarasenses
768 167 806 199 et
828 165 1140 208 Aphrodisienses.
1566 165 1616 204 41

751 303 805 356 (n.
829 303 926 356 455)

152 385 166 439 [
166 406 358 415 -------
388 383 395 438 Ι
427 382 582 438 &Quam
625 381 755 425 ἐσθλά
793 397 837 424 τε
874 379 1035 437 [πολλ]ἆ
1072 381 1314 438 ἐλευθέρους
1352 379 1459 423 εἷναι
1470 382 1517 435 ¹³,
1564 386 1622 436 τῷ

151 451 225 508 [τε]
253 450 399 508 δικαίῳ
427 450 498 494 καὶ
526 452 614 499 ταῖς
642 451 832 508 [κρίσεσιν
860 451 949 498 ταῖς
980 449 1100 499 ἰδίαις
1134 450 1206 507 τὴν
1237 449 1380 506 πόΙλιν]
1407 449 1480 507 τὴν
1511 447 1624 492 Πλα-

152 521 310 578 ρασόων
352 518 422 563 καὶ
453 517 759 576 Ἀφροδεισιέων
803 519 989 576 χρῆσθαι
1033 520 1135 576 μήτε
1174 518 1320 576 ἐγγύην
1357 519 1429 574 ε[ἰς
1456 515 1622 574 Ῥώμην

152 587 297 636 αὐτοὺς
324 587 430 631 κατὰ
470 589 603 645 δόγμα
629 604 667 631 τι
678 590 712 618 ¹⁴
742 588 749 644 1
780 587 864 644 κ]αὶ
900 588 1083 630 ιέλευσιν
1121 588 1349 644 ὁμολογεῖν·
1388 587 1417 629 ἅ
1452 587 1496 630 τέ
1535 603 1623 630 τινα

38 745 1625 796 ΜΔΜΜίἆωνααιηαᾶᾱάονε-εεάᾼρὴνοᾶὼίωείαωσὶυίωεῩεηαύμΒτωεω

35 805 244 843 ηἰοαωώοη
266 805 362 842 Iovt'e
389 809 422 842 et
448 804 590 842 Μοῖσα
619 804 832 851 rel-pionem
860 805 1063 841 utebantur.
1111 805 1190 846 Quo
1223 814 1267 839 ex
1299 806 1382 839 loco
1415 804 1624 839 Chishullus

37 873 123 899 cum
145 865 341 908 colligeret,
364 865 474 898 etiam
490 865 644 907 Augusti
661 864 848 898 decretum
874 864 919 897 de
935 863 1249 907 Aphrodiensibus
1273 862 1385 897 fuisse
1401 871 1519 906 neque
1536 871 1624 896 vero

35 922 74 957 id
97 922 156 956 hic
178 922 338 957 exscribi
354 922 411 956 vel
434 922 720 956 commemorari
735 921 888 963 videret,
912 921 1160 955 infelicissime
1184 920 1256 954 sibi
1272 921 1456 964 persuasit
1470 920 1625 962 Augusti

36 978 224 1014 decretum
254 979 351 1014 idem
375 987 456 1013 esse
481 988 523 1013 ac
547 979 905 1013 senatusconsultum
929 988 963 1012 n.
982 981 1060 1013 ⁴55.
1105 978 1199 1017 Quid
1223 979 1277 1011 rei
1300 980 1409 1020 esset,
1438 978 1625 1021 perspexit

36 1036 255 1079 Boeckhius3
281 1045 412 1080 nempe
436 1037 474 1070 in
491 1037 603 1071 Taciti
628 1037 834 1071 narratione
856 1036 1020 1070 Caesaris
1044 1035 1233 1069 dictatoris
1258 1043 1393 1069 nomen
1417 1035 1462 1068 ad
1486 1035 1626 1077 Aphro-

36 1093 224 1137 disienses,
252 1094 407 1137 Augusti
434 1094 479 1128 ad
506 1095 791 1128 Stratonicenses
822 1093 932 1127 modo
963 1094 1139 1136 spectare.
1266 1095 1309 1125 43
1340 1092 1433 1126 Cum
1463 1092 1626 1125 Caesaris

36 1151 177 1186 litterae
199 1150 246 1185 ab
265 1151 424 1185 Antonio
449 1151 610 1194 prolatae
634 1152 912 1185 triumvirorum
939 1151 1021 1191 (non
1044 1151 1189 1183 Antonii
1213 1151 1333 1191 unius,
1357 1152 1399 1183 ut
1422 1149 1626 1182 Boeckhius

37 1209 217 1252 opinatur)
241 1208 389 1242 decreto
414 1208 650 1242 confirmatae
674 1210 806 1250 essent,
838 1208 974 1240 horum
999 1216 1129 1240 rursus
1159 1209 1240 1240 acta
1270 1209 1417 1240 senatus
1447 1207 1626 1240 consultis

36 1268 115 1300 rata
137 1265 263 1300 haberi
287 1265 492 1308 oportebat.
541 1265 581 1299 Id
605 1265 740 1299 factum
773 1273 854 1299 esse
878 1273 971 1298 anno
998 1266 1041 1297 ³9
1066 1273 1099 1297 a.
1121 1264 1203 1297 Chr.
1231 1273 1265 1297 n.
1299 1265 1456 1297 testatur
1478 1263 1625 1297 Cassius

35 1323 104 1357 Dio
129 1322 280 1366 XLVIII,
298 1324 353 1359 36,
372 1325 385 1354 4
414 1322 466 1368 τῷ
487 1317 513 1355 δ’
533 1319 782 1368 ἐπιγιγνομένφ
800 1319 901 1364 (ἔτει),
924 1319 961 1355 ἐν
990 1313 1019 1365 ᾧ
1033 1318 1185 1358 Λοὺιιός
1208 1331 1246 1353 τε
1262 1317 1423 1364 Μάριιος
1444 1318 1505 1354 καὶ
1521 1316 1625 1357 Γάϊος

35 1376 184 1425 Σαβῖνος
206 1377 411 1422 ὑπάτευσαν,
442 1378 486 1412 τά
509 1389 547 1412 τε
571 1377 637 1412 ὑπὸ
659 1382 729 1412 τῶν
753 1382 856 1425 τριῶν
879 1376 1014 1425 ἀνδρῶν
1038 1375 1238 1424 πραχθέντα
1262 1373 1317 1423 ἀφ’
1337 1375 1378 1411 οὗ
1408 1376 1444 1415 ἐς
1467 1376 1531 1422 τὴν
1555 1375 1626 1410 ὀλι·

34 1435 179 1484 γαρχίαν
203 1434 352 1481 ἐσῆλθον
375 1437 479 1481 ιῦρος
503 1434 596 1481 παρὰ
616 1439 681 1480 τῆς
706 1434 833 1480 βουλῆς
856 1425 1112 1479 ἕλαβέ.“”1“ιιω
1146 1436 1256 1468 etiam
1288 1435 1359 1468 boc
1390 1436 1627 1468 senatuscon-

37 1494 175 1528 snitum
198 1494 334 1528 factum
358 1501 439 1527 esse
462 1493 702 1536 probabiliter
725 1493 854 1526 statuit
876 1492 1090 1526 Boeckbius.
1139 1492 1219 1531 Quo
1251 1493 1366 1534 magis
1398 1492 1515 1525 miror
1538 1500 1626 1525 eun-

36 1551 121 1585 dem
144 1551 190 1585 de
220 1551 546 1585 senatusconsultis
575 1559 726 1593 quoque
758 1550 805 1583 ab
828 1550 985 1583 Antonio
1015 1549 1109 1582 fictis
1132 1557 1336 1592 provocare
1365 1549 1412 1582 ad
1442 1548 1626 1582 Ciceronis

37 1609 287 1642 testimonium
303 1607 469 1651 (Philipp.
482 1608 524 1650 V,
540 1609 570 1650 t,
584 1609 644 1640 ⁴2:
668 1617 783 1651 neque
804 1605 922 1641 solum
936 1604 1212 1641 commentariis
1227 1603 1493 1640 commenticiis
1507 1603 1626 1640 chiro·

31 1663 254 1710 graphisque
275 1661 945 1708 malminnumerabicnbpmmh
966 1665 1133 1708 comesta
1154 1661 1626 1705 mmmmm,—

35 1721 101 1758 κεί
120 1725 269 1758 matus
290 1720 404 1757 diam
425 1720 589 1757 multa
606 1720 770 1766 pecunia
791 1723 937 1765 accepta
959 1719 1057 1764 falsa
1077 1719 1261 1763 referebat)
1286 1729 1407 1764 eoque
1422 1720 1556 1754 fretum
1573 1721 1627 1753 in-

37 1782 180 1814 certum
211 1789 294 1814 esse
325 1780 457 1822 dicere,
488 1781 613 1812 utrum
645 1779 681 1812 id
712 1779 814 1822 quod
844 1779 903 1812 hic
934 1781 1123 1812 teneamus
1154 1787 1285 1811 verum
1319 1787 1364 1811 an
1400 1778 1531 1811 ialsum
1568 1779 1626 1811 sit.

35 1836 130 1872 Nam
153 1837 340 1880 quomodo
363 1837 510 1870 tandem
535 1838 704 1879 proximo
728 1839 813 1879 post
837 1836 1000 1870 Caesaris
1024 1844 1150 1869 necem
1175 1838 1344 1878 tempore
1368 1837 1517 1869 senatus
1541 1843 1628 1868 con-

38 1895 175 1928 sultum
208 1893 343 1937 fingere
369 1896 514 1938 poterat
539 1895 728 1937 Antonius,
764 1895 802 1928 in
833 1902 908 1937 quo
944 1894 990 1934 (v.
1017 1894 1047 1933 3)
1084 1893 1368 1925 triumvirorum
1402 1891 1627 1935 reipublicae

38 1951 314 1986 constituendae
345 1952 482 1985 mentio
512 1949 641 1984 fieret?
689 1951 838 1984 Initium
867 1950 1175 1984 senatusconsulti
1207 1950 1261 1983 sic
1300 1949 1375 1983 fere
1405 1949 1628 1983 refluxerunt

38 2009 247 2043 Chishullus
269 2010 308 2042 et
329 2008 552 2042 Boeekhius:
585 2006 720 2050 [ὕπατοι
747 2006 871 2052 λόγους
903 2006 1121 2051 ἐποιήσαντο,
1151 2004 1306 2051 ἀρέσκειν
1328 2009 1387 2051 τῆι
1420 2004 1627 2052 συγκλήτωι,

37 2065 116 2110 περὶ
145 2063 194 2100 ὧν
218 2062 325 2104 Γαῖος
348 2061 484 2112 Καῖσαρ
519 2063 604 2110 ὑπὲρ
628 2062 837 2109 Πλαρασέων
859 2065 920 2098 καὶ
941 2061 1195 2109 Ἀφροὸεισιέων
1228 2062 1352 2108 ἔκρινε,
1384 2061 1507 2100 αὐτοὺς
1538 2063 1629 2097 κατὰ

37 2122 82 2158 τὰ
104 2121 232 2166 otham
252 2121 363 2158 ἐσθλά
384 2133 421 2156 τε
446 2121 581 2165 [miv-tle
603 2120 807 2168 ἐλευθέρους
830 2120 928 2156 εἶναι.
976 2122 1225 2155 Μοιιιιιιεοιιιιε
1252 2122 1364 2154 etiam
1394 2120 1628 2154 commodius

38 2178 119 2224 περὶ
138 2178 261 2214 τούτου
283 2181 345 2213 τοῦ
367 2178 569 2225 πράγματος
590 2177 700 2217 οὕτως
723 2178 856 2219 ἔδοξεν·
883 2177 1039 2225 ἀρέσκειν
1063 2178 1108 2224 τῇ
1131 2177 1329 2224 συγκλήτωι
1353 2175 1545 2223 Πλαρασεῖς
1569 2177 1628 2210 καὶ

38 2232 287 2282 Ἆφροδεισιεῖς,
311 2236 360 2274 ὡς
383 2234 495 2282 ἔκρινε
511 2234 616 2274 Γάϊος
632 2233 769 2283 Καῖσαρ
794 2234 1013 2280 αὐτοκράτωρ
1029 2234 1104 2268 κτλ.
1143 2236 1262 2278 Atque
1285 2235 1346 2268 illa
1369 2231 1473 2272 Γάϊος
1489 2231 1627 2277 Καῖσαρ

38 2311 87 2318 -
109 2291 222 2338 ἔκρινε
252 2294 398 2327 decreto
428 2294 526 2337 apud
558 2294 753 2337 Iosephum
776 2294 859 2327 Ant.
881 2293 974 2335 XIV,
997 2295 1076 2335 224,
1109 2293 1210 2335 quod
1240 2294 1312 2326 iam
1344 2292 1465 2325 Chish.
1496 2292 1628 2331 attulit,

40 2349 315 2393 confirmantur,
338 2351 403 2384 sed
427 2352 595 2394 proxima
618 2352 742 2384 minus
765 2351 919 2394 placent,
950 2350 1132 2392 siquidem
1155 2349 1245 2383 κατὰ
1268 2348 1311 2383 τὰ
1335 2348 1449 2382 δίκαια
1479 2348 1628 2391 quidem

40 2407 322 2451 reprehensione
350 2410 460 2450 caret,
493 2409 555 2441 sed
585 2408 674 2442 md
704 2407 748 2442 τὰ
779 2406 890 2442 ἐσθλά
920 2409 1079 2450 permire
1110 2407 1249 2440 dictum
1274 2409 1341 2439 est.
1389 2406 1475 2439 Mihi
1506 2406 1629 2448 potius

15 2503 19 2507 ,
39 2464 86 2498 de
108 2464 220 2498 rebus
235 2465 396 2498 iustitiae
419 2467 457 2498 et
479 2466 679 2498 honestatis
700 2465 818 2507 plenis
834 2473 927 2508 quas
942 2464 1244 2507 Aphrodisienses
1264 2464 1462 2506 gessissent
1476 2463 1630 2505 quibus·

41 2529 115 2564 quo
126 2521 330 2555 libertatem
346 2522 568 2555 meruissent
583 2521 722 2555 dietum
743 2521 855 2555 fuisse
872 2521 1050 2563 videtum,
1066 2521 1181 2554 veluti
1197 2519 1459 2566 [ἐργασαμένους
1478 2517 1484 2562 Ι
1504 2517 1630 2559 &fixam

42 2576 152 2613 ἐσθλά
172 2590 210 2612 τε
241 2578 390 2622 donzi}
438 2580 489 2612 De
521 2579 687 2613 libertate
710 2580 1058 2622 Aphrodisiensibus
1089 2587 1263 2612 concessa
1292 2578 1335 2611 cf.
1367 2578 1504 2610 Plinius
1527 2575 1570 2608 N.
1593 2576 1628 2607 h.

42 2634 86 2677 V,
103 2638 187 2669 ⁴0⁹:
218 2634 520 2680 Aphrodisienses
542 2635 657 2671 lateri.
699 2637 735 2669 C.
754 2638 778 2669 1.
796 2637 835 2669 G.
854 2639 955 2679 28t5,
972 2639 1011 2670 5:
1044 2632 1218 2672 Κλαύδιος
1242 2632 1416 2679 Αὐρήλιος
1441 2631 1559 2678 Ζῆλος
1583 2649 1628 2655 -

41 2695 111 2725 τῶν
134 2692 309 2726 συναιτίων
333 2693 375 2738 τῇ
396 2692 495 2727 πόλει
516 2697 580 2738 τῆς
604 2692 810 2736 αὐτονομίας
833 2692 1013 2738 ἀπόγονος.
1137 2695 1180 2725 44
1211 2692 1402 2734 Supplevit
1426 2691 1629 2722 Mommsen

43 2748 113 2791 (ep.
136 2749 266 2791 Brnns)
290 2750 423 2783 collato
447 2750 529 2784 loco
554 2760 576 2783 a
599 2751 639 2783 G.
655 2750 818 2784 Kaibelio
844 2750 914 2783 sibi
939 2750 1098 2783 indicato
1114 2750 1283 2791 Dionysii
1299 2748 1381 2780 Ant.
1397 2747 1457 2787 XI,
1476 2748 1534 2776 32:
1566 2743 1629 2787 τὴν

43 2802 169 2850 bissum
182 2804 384 2851 ὁμολογεῖτε
394 2824 437 2831 -
452 2805 501 2844 εἰς
514 2806 581 2851 τὴν
595 2805 710 2852 αὔριον
722 2806 866 2852 ἡμέραν,
878 2807 975 2840 unde
988 2808 1139 2850 apparet
1151 2806 1362 2838 Latinorum
1375 2797 1630 2836 vadimonium

44 2857 164 2904 faeere
178 2863 323 2897 Graecis
340 2861 463 2909 ἐγγύην
480 2862 660 2908 ὁμολογεῖν
677 2865 834 2906 exprimi
849 2865 1097 2897 consuevisse.
1138 2860 1337 2895 Commode
1354 2857 1504 2890 Viereck
1527 2864 1632 2898 prae-

46 2918 146 2951 terea
169 2918 273 2952 affert
296 2921 438 2962 loseph.
454 2920 534 2953 Ant.
550 2920 643 2962 XVI,
660 2923 744 2953 ⁴63:
774 2918 897 2965 ἐγγύας
919 2931 956 2953 τε
982 2919 1030 2963 μὴ
1057 2917 1237 2962 ὁμολογεῖν
1263 2914 1385 2951 αὐτοὺς
1402 2913 1437 2947 ἐν
1455 2911 1630 2956 σάββασιν.
