1858 3126
216 157 299 198 628

259 290 447 336 ἀναβολικὰ
483 290 640 337 εἰληφόσι
676 290 717 325 ἐκ
750 293 812 324 τοῦ
850 289 970 337 φίσκου

260 349 397 392 669,21

214 404 396 451 ἀναγγελία
421 405 500 448 332,
515 411 556 438 44

212 460 430 509 ἀναγγέλλω·
463 460 659 509 ἀναγγεῖλαι
683 461 721 496 δὲ
746 460 824 500 τοὺς
850 460 972 508 στεφά-

258 531 338 557 νους
374 520 406 563 6,
427 527 479 554 30.
535 517 734 565 ἀναγγεῖλαι
772 518 832 557 τὰς
871 518 971 563 τιμάς

260 577 338 618 763,
357 583 411 611 26.
459 574 658 623 ἀναγγεῖλαι
688 579 761 615 τοῖς
787 574 972 613 Διονυσίοις

261 632 295 667 ἐν
312 638 376 667 τῶι
392 632 539 679 θεάτρωι
564 634 596 678 9,
617 641 646 667 3.
687 631 883 680 ἀναγγεῖλαι
897 635 971 670 τοῖς

257 689 442 737 Ἐφεσείοις
459 690 493 724 ἐν
511 695 573 724 τῶι
590 689 739 736 θεάτρωι
767 691 882 734 10,10.
923 688 971 727 εἰς

258 748 320 793 μὲν
344 744 487 793 Ῥώμην
520 746 572 781 ἀεὶ
605 747 748 792 πέμπειν
784 745 864 784 τοὺς
895 757 970 779 συν-

258 809 346 851 εχῶς
380 803 648 850 ἀναγγελοῦντας
683 802 726 837 τὰ
750 802 970 847 δισταζόμενα

259 862 336 904 315,
356 867 408 894 65.
450 860 506 894 ἐπὶ
530 860 590 894 τὰν
615 858 800 906 ἐκκλησίαν
817 859 970 906 ἀνάγγει-

257 917 320 952 λαν
345 917 422 964 περὶ
446 916 657 964 Δικαιάρχου
690 917 768 960 241,
790 924 819 950 3.
869 915 970 963 ἀναγ-

255 973 386 1021 γέλλειν
419 974 456 1008 δὲ
485 975 534 1020 τῷ
566 973 700 1020 βασιλεῖ
726 973 783 1008 τὸν
814 985 970 1020 κεχειρο-

253 1031 413 1078 τημένον,
439 1030 491 1064 ὅτι
516 1030 533 1064 ὁ
559 1030 669 1076 δῆμος
692 1030 885 1076 πειράσεται
904 1042 970 1075 μη-

256 1087 354 1126 θενὸς
376 1086 642 1134 καταδεέστερον
667 1086 877 1134 προάγεσθαι
900 1091 968 1120 τῶν

255 1144 371 1179 ἄλλων
397 1143 564 1189 βασιλέων
589 1145 668 1188 771,
689 1152 728 1179 50

207 1201 411 1248 ἀναγκαῖος·
452 1200 696 1247 συναγαγόντες
730 1220 777 1226 --
809 1200 969 1239 πλείονας

252 1265 320 1293 τῶν
345 1258 539 1305 ἀναγκαίων
566 1259 644 1301 315,
663 1264 718 1292 49.
764 1258 843 1296 τοὺς
868 1257 968 1304 ἀναγ-

251 1315 370 1354 καίους
395 1316 472 1359 763,
494 1323 546 1350 3ο.
588 1313 779 1360 ἀναγκαίως
806 1314 886 1357 (οὖν)
911 1327 968 1349 κε-

252 1372 342 1407 λεύω
376 1373 454 1416 665,
475 1379 526 1406 68.
562 1372 640 1416 669,
663 1379 717 1406 41.
768 1372 968 1419 προέγραψα

254 1429 447 1476 ἀναγκαίως
481 1429 558 1472 669,
578 1437 607 1464 8.
655 1428 714 1463 καὶ
743 1428 820 1474 περὶ
841 1429 967 1475 ταύτης

251 1486 444 1533 ἀναγκαίως
469 1486 669 1533 προέγραψα
694 1487 772 1530 669,
795 1493 832 1520 19

205 1543 402 1590 ἀναγορεύω
422 1542 569 1588 passim

203 1599 385 1646 ἀναγραφή
406 1600 552 1645 passim

203 1655 390 1703 ἀναγράφω
410 1657 558 1702 passim

202 1713 335 1760 ἀνάγω·
372 1714 410 1748 τὸ
443 1714 481 1749 δὲ
513 1714 672 1761 ψάφισμα
704 1713 783 1748 τόδε
817 1714 876 1749 καὶ
908 1714 964 1749 τὸν

250 1770 414 1817 στέφανον
449 1771 602 1817 ἀναγέτω
639 1771 656 1806 ὁ
697 1770 905 1818 πρεσβευτὰς
945 1771 963 1806 ὁ

249 1826 396 1874 αἱρεθεὶς
427 1827 476 1866 εἰς
501 1825 651 1863 Ἰουλίδα
683 1829 814 1872 44,13.
845 1836 895 1862 14.
946 1828 963 1862 ὁ

247 1884 426 1931 ἀναγαγὼν
450 1884 473 1930 ἢ
493 1885 674 1932 ἀνενέγκας
692 1885 748 1919 ἐπὶ
767 1885 846 1923 τοὺς
864 1885 963 1919 ἀστυ-

248 1940 375 1986 νόμους
401 1942 479 1986 483,
500 1950 575 1977 185.
615 1944 755 1988 γνώσεις
773 1941 962 1987 συνηθειῶν

247 2016 293 2022 -
318 1999 365 2036 ὡς
382 1997 718 2044 πολυπραγμονήσας
743 1999 759 2033 ὁ
788 1998 963 2039 ἐνδοξότα-

247 2066 304 2092 τος
341 2054 491 2102 ἔπαρχος
526 2060 589 2101 τῆς
625 2055 760 2093 πόλεως
793 2055 962 2102 ἀνήγαγεν

247 2111 293 2157 τῇ
323 2109 476 2156 ἡμετέρᾳ
514 2110 666 2156 εὐσεβείᾳ
702 2113 779 2155 521,
810 2119 861 2146 19.
916 2113 962 2150 ὡς

249 2167 297 2213 μὴ
325 2166 447 2212 ῥᾳδίως
465 2166 650 2214 ἀνάγεσθαί
673 2180 764 2206 τινας
783 2170 833 2215 τῷ
855 2181 961 2215 παρα-

250 2223 403 2269 δείγματι
428 2224 506 2267 508,
527 2232 544 2259 8

202 2279 380 2327 ἀναγωγή·
421 2281 480 2314 καὶ
516 2280 539 2326 ή
576 2280 736 2328 ἀναγωγὴ
772 2285 832 2316 τοῦ
871 2282 961 2327 ἱεροῦ

247 2336 368 2371 πλοίου
392 2340 452 2372 τοῦ
465 2333 617 2383 Ὀσίριος
634 2338 682 2377 εἰς
699 2342 799 2373 τοῦτο
816 2340 854 2374 τὸ
874 2339 961 2386 ἱερὸν

246 2390 317 2428 κατ’
340 2393 492 2428 ἐνιαυτὸν
518 2394 643 2440 γίνεται
668 2396 722 2439 56,
743 2403 781 2431 51

201 2449 406 2488 ἀνάδαστος·
430 2451 646 2497 ἀγορασμοὺς
664 2451 873 2490 ἀναδάστους
886 2464 960 2486 ποι-

249 2510 299 2540 εῖν
325 2507 402 2550 669,
422 2513 462 2541 20

201 2563 438 2608 ἀναδείκνυμι·
478 2568 541 2610 τῆς
581 2563 713 2603 πόλεως
749 2565 856 2610 μόνης
891 2570 958 2599 τῶν

244 2617 365 2655 Ἰάδων
382 2639 428 2646 —
443 2620 584 2666 τέμενος
602 2620 855 2669 ἀναδεδειχοίας
872 2621 958 2667 ἡμῖν

249 2678 325 2722 763,
351 2685 404 2712 63.
457 2678 572 2712 κοινὸν
606 2677 779 2717 ἀναδείξας
812 2678 958 2723 ἐμαυτὸν

246 2734 425 2781 εὐεργέτην
438 2740 506 2769 τῶν
518 2731 697 2781 Ἑλλήνων
712 2736 788 2780 763,
801 2743 830 2770 9.
870 2735 956 2782 ἱερὸν

245 2790 404 2825 ἁπάντων
433 2792 546 2826 κοινὸν
579 2791 751 2832 ἀναδεῖξαι
783 2792 873 2828 θεῶν
906 2793 958 2828 ἐν·

246 2846 414 2893 θρόνισμα
438 2849 516 2893 383,
536 2857 589 2884 45.
629 2850 690 2884 τὰν
707 2849 805 2885 πόλιν
821 2850 880 2885 καὶ
895 2850 957 2885 τάν

244 2905 362 2960 χώραν
395 2904 605 2940 ἀναδεικνύει
636 2906 761 2941 ἄσυλον
800 2908 877 2951 234,
903 2913 956 2941 24.

929 153 1078 187 Indices.

1087 293 1148 324 τοῦ
1174 288 1328 334 πολέμου
1351 287 1475 332 ἕνεκεν,
1502 289 1538 324 ὃν
1555 288 1640 335 πρὸς
1659 288 1799 334 βασιλέα

1087 345 1313 394 Μιθραδάτην
1331 345 1500 386 ἀνέδειξαν
1524 346 1604 390 441,
1619 354 1672 381 49.
1714 344 1799 380 ὖπά-

1086 416 1147 438 του
1172 402 1454 450 ἀναδεδειγμένου
1480 402 1558 446 625,
1573 410 1588 436 7

1043 459 1272 508 ἀναδέχομαι·
1297 462 1362 494 πᾶν
1387 460 1425 494 τὸ
1449 459 1648 505 λειπόμενον
1671 479 1719 485 -
1742 459 1798 494 ἀν-

1089 517 1296 562 αδεξάμενον
1315 516 1482 562 ἀνάλωμα
1498 517 1575 561 764,
1595 523 1648 551 22.
1687 517 1748 555 τάς
1762 529 1799 550 τε

1089 573 1268 620 πρεσβείας
1278 573 1459 621 ἀνεδέχετο
1469 573 1656 620 προθύμως
1663 574 1762 617 339,2
1769 581 1797 608 0.

1087 631 1264 670 κινδύνους
1287 630 1436 669 πολλοὺς
1450 651 1498 656 -
1512 629 1800 678 άναδεδεγμένους

1087 689 1167 732 441,
1188 697 1217 723 9.
1265 688 1360 723 αὐτοὶ
1391 688 1615 736 ἀναδέχονται
1645 687 1707 726 τὰς
1739 687 1798 722 δύο

1088 746 1273 784 στατίωνας
1299 747 1376 789 595,
1396 753 1435 780 35

1042 802 1245 848 ἀναδίδωμι·
1285 803 1323 837 τὸ
1360 803 1533 849 ψάφισμα,
1569 801 1588 836 ὂ
1624 801 1797 837 ἀνέδωκαν

1087 859 1179 905 ἄμμι
1204 861 1282 904 335,
1297 867 1350 894 48.
1390 856 1449 905 ἀφ’
1465 859 1508 904 ἧς
1526 858 1565 894 ἂν
1582 860 1621 894 τὸ
1638 859 1799 905 ψήφισμα

1088 917 1121 951 οἱ
1154 916 1377 963 ἐγκαλοῦντες
1410 916 1578 951 ἀναδῶσιν
1615 916 1649 950 ἐν
1680 915 1800 954 ἄλλαις

1087 973 1235 1019 ἡμέραις
1250 974 1432 1021 τριάκοντα
1449 975 1528 1017 437,
1543 981 1595 1008 78.
1636 972 1799 1019 πεμφθῆ-

1086 1043 1140 1065 ναι
1165 1030 1202 1064 δὲ
1225 1030 1283 1064 καὶ
1307 1030 1471 1076 στέφανον
1493 1049 1549 1074 -,
1575 1030 1612 1065 ὃν
1636 1030 1696 1064 καὶ
1719 1029 1800 1065 ἀνα·-

1089 1087 1234 1134 δοθῆναι
1264 1086 1330 1122 ὑπὸ
1351 1092 1419 1122 τῶν
1446 1087 1619 1133 πρέσβεων
1651 1088 1797 1131 456,61.

1087 1143 1248 1189 ἐπιστολὴ
1266 1143 1396 1191 Τυρίων
1414 1144 1661 1192 στατιωναρίων
1678 1144 1799 1179 ἀναδο-

1086 1200 1190 1236 θεῖσα
1237 1200 1301 1236 ὑπὸ
1347 1200 1510 1250 Λάχητος
1564 1202 1639 1240 ἑνὸς
1686 1201 1797 1236 αὐτῶν

1086 1259 1165 1303 595,
1184 1265 1224 1293 22

1040 1314 1234 1362 ἀναζητέω·
1279 1315 1494 1363 ἀναζητήσας
1530 1314 1593 1350 ὅσα
1628 1314 1694 1350 ὑπὸ
1729 1320 1796 1350 τῶν

1086 1371 1226 1418 Περσῶν
1268 1373 1341 1420 ἱερὰ
1381 1372 1415 1413 ἐξ
1450 1370 1624 1419 Αἰγύπτου
1665 1371 1798 1420 ἐξήχθη

1087 1430 1141 1473 54,
1177 1435 1229 1465 2ο.
1295 1430 1338 1464 τὰ
1384 1429 1685 1476 παραλελειμμένα
1733 1428 1798 1464 ὐπὸ

1085 1492 1153 1520 τῶν
1179 1486 1343 1533 πρότερον
1362 1486 1508 1535 ἀρχείων
1525 1487 1799 1533 ἀναζητήσαντες

1086 1544 1162 1587 267,
1184 1551 1200 1577 9

1038 1598 1212 1647 ἀνάθημα,
1237 1600 1445 1647 ἀναθήματα
1462 1599 1609 1646 passm

1038 1655 1198 1702 ἀναιδής·
1241 1657 1305 1693 ὐπὸ
1343 1663 1411 1692 τῶν
1451 1657 1698 1696 πλεονεκτικῶς
1736 1657 1795 1692 καὶ

1083 1713 1228 1753 ἀναιδῶς
1250 1719 1324 1753 ταῖς
1349 1714 1512 1755 ἐξουσίαις
1537 1713 1793 1763 ἀποχρωμένων

1084 1773 1161 1816 665,
1183 1780 1221 1807 16

1035 1829 1253 1876 ἀναισχυντία
1279 1829 1356 1873 765,
1377 1836 1414 1863 13

1035 1885 1272 1932 ἀνακαθαίρω·
1307 1891 1374 1920 τῶν
1407 1887 1508 1933 κοινῇ
1538 1883 1792 1930 ἀνακαθαρθέν-

1079 1955 1146 1976 των
1172 1942 1339 1988 ἀμφόδων
1364 1943 1444 1985 483,
1464 1950 1503 1975 79

1034 1997 1265 2046 ἀνακάθαρσις
1288 2004 1356 2032 τῶν
1374 1998 1463 2033 ὁδῶν
1488 1998 1566 2042 483,
1583 2006 1635 2033 51.
1678 1997 1790 2033 ἕνεκεν

1080 2055 1336 2102 ἀνακαθάρσεος
1360 2055 1439 2098 483,
1461 2061 1536 2089 142.
1576 2054 1623 2093 εἰς
1646 2055 1709 2101 τὴν
1735 2055 1792 2090 ἀν-

1080 2111 1268 2158 ακάθαρσιν
1280 2130 1327 2138 -
1337 2116 1405 2145 τῶν
1423 2110 1613 2157 δεξαμενῶν
1634 2112 1712 2156 483,
1725 2118 1787 2148 207

1033 2168 1230 2203 ἀνακαλέω·
1267 2168 1565 2214 ἀνακαλεσάμενος
1594 2159 1673 2207 τοὺς
1696 2180 1790 2215 τριη-

1080 2225 1228 2273 ράρχους
1244 2226 1302 2260 καὶ
1319 2226 1478 2267 ἐξετάσας
1497 2227 1574 2270 773,
1595 2234 1624 2260 5.
1663 2225 1789 2260 ἀνακα-

1076 2281 1238 2327 λούμενοι
1283 2283 1371 2326 (τοὺς
1412 2283 1689 2330 διαφερομένους)
1737 2278 1786 2329 ἐφ’

1078 2337 1200 2377 αὐτοὺς
1227 2340 1269 2382 (οἱ
1294 2339 1456 2384 δικασταί)
1481 2341 1537 2384 43,
1556 2348 1586 2375 9.
1610 2347 1648 2374 10

1030 2395 1272 2443 ἀνακηρύσσω·
1306 2396 1514 2443 ἀνακηρῢξαι
1541 2397 1598 2431 τὸν
1625 2396 1788 2442 στέφανον

1077 2453 1112 2487 ἐν
1129 2454 1178 2500 τῷ
1200 2453 1333 2500 θεάτρῳ
1360 2455 1437 2498 730,
1459 2461 1509 2488 19.
1551 2452 1786 2500 όγκαρυσσέτω

1076 2511 1108 2554 4,
1129 2518 1182 2545 37.
1223 2510 1460 2558 ἀνακαρύσσην
1486 2510 1541 2554 78,
1562 2517 1600 2545 18

1030 2565 1245 2612 ἀνακομίζω·
1282 2566 1491 2611 ἀνακομίσας
1517 2566 1569 2610 (τὰ
1593 2566 1673 2613 ἱερὰ)
1700 2566 1787 2612 μετὰ

1074 2628 1136 2669 τῆς
1172 2624 1282 2670 ἄλλης
1317 2624 1423 2671 γάζης
1453 2643 1499 2648 -
1528 2623 1577 2662 εἰς
1612 2622 1785 2670 Αἴγυπτον

1076 2681 1131 2724 54,
1151 2688 1203 2716 21.
1224 2688 1264 2715 22

1028 2736 1219 2783 ἀνάκρισις·
1251 2737 1454 2783 τεταγμένον
1486 2737 1524 2771 δὲ
1553 2738 1611 2772 καὶ
1635 2736 1692 2772 ἐπὶ
1715 2742 1782 2772 τῶν

1074 2794 1281 2839 ἀνακρίσεων
1307 2795 1384 2838 374,
1406 2801 1422 2828 6

1028 2850 1277 2896 ἀναλαμβάνω·
1296 2851 1335 2885 τὸ
1351 2850 1455 2896 ἥμισυ
1473 2850 1574 2885 αὐτοῦ
1591 2855 1654 2896 τῆς
1670 2850 1783 2889 οὐσίας

1074 2906 1374 2955 ἀναλαμβάνεσθαι
1392 2908 1534 2952 569,43.
1566 2908 1608 2942 τὰ
1621 2907 1782 2955 ἀνειλημ-
