1858 3126
240 111 323 153 120
477 110 565 143 VIII.
603 111 750 153 Imperii
776 111 925 143 Romani
950 110 1158 152 provinciae
1183 110 1387 144 orientales.
1437 113 1467 143 4.
1492 111 1585 144 Asia.
1690 111 1815 154 [488—

322 259 411 303 488
453 262 742 313 Fragmentum
762 263 977 302 marmoris
998 263 1077 302 albi
1107 262 1406 302 inaedificatum
1426 263 1467 301 in
1485 262 1642 315 pariete
1661 262 1816 302 delubri

237 332 408 371 Islamici
450 332 490 370 in
528 332 618 371 vico
659 328 842 371 Bebelda
881 332 1041 383 Lydiae.
1100 331 1199 371 Edd.
1238 332 1470 371 minusculis
1510 327 1710 370 Μουσεῖον
1749 328 1815 370 καὶ

238 399 341 455 βιβλ.
373 402 444 454 τῆς
476 400 516 440 ἐν
548 398 710 455 Σμύρνη
742 399 878 455 εὖαγγ.
912 401 1061 455 σχολῆς
1094 400 1202 439 4885
1234 413 1273 453 p.
1298 400 1349 439 53
1388 412 1426 439 n.
1447 400 1541 440 432.
1592 400 1817 439 Maiusculis

238 470 284 509 K.
308 469 489 509 Buresch
520 470 602 510 Aus
633 470 786 522 Lydien
816 483 855 523 p.
882 470 961 509 409
994 482 1034 509 n.
1061 470 1128 509 50.

351 586 416 630 Ἐν
450 587 709 644 Καστωλλῷ1
740 589 885 645 ›tabu-02
905 589 1210 645 Φιλαδελφέων,
1240 588 1467 644 γενοίμένης
1498 586 1711 643 ἐκκλησίας
1743 586 1816 628 ὑπὸ

352 662 423 714 τῆς
453 658 688 715 γερουσίας3
721 657 726 714 Ι
759 657 827 699 καὶ
864 661 940 699 τῶν
978 660 1125 700 λοιπῶν
1163 660 1358 713 κωμητῶν
1396 655 1568 712 πάντων,
1605 656 1673 699 καὶ
1715 657 1833 713 βουΙ-“

330 815 483 847 Litterae
509 809 686 848 ΘᾸΜΠΣ.
736 815 989 847 Litteraturam
1019 815 1055 846 in
1081 815 1292 847 universum
1318 814 1465 856 quidem
1490 814 1609 856 primo
1634 822 1668 855 p.
1686 813 1767 845 Chr.
1786 822 1818 845 n.

239 873 383 906 saeculo
409 874 613 914 convenire,
646 872 708 904 sed
735 875 886 914 propter
910 872 1164 905 nonnullarum
1190 873 1393 905 litterarum
1418 871 1551 904 formas
1583 873 1704 904 tamen
1734 880 1819 912 pro-

238 930 394 963 babilius
419 931 567 963 titulum
586 930 687 962 alteri
710 930 894 972 vindicari,
920 939 994 972 quo
1011 930 1137 972 utique
1155 939 1228 962 non
1245 932 1341 962 esset
1359 930 1548 971 recentior,
1572 928 1820 971 pronuntiavit

239 989 409 1022 Buresch,
457 989 561 1021 Plane
591 990 690 1020 certa
722 989 850 1020 aetatis
884 987 1015 1020 indicia
1047 997 1132 1020 sane
1162 988 1222 1020 hic
1253 987 1351 1020 nulla
1382 989 1477 1020 sunt.
1604 989 1617 1018 ⁴
1655 985 1704 1019 Cf.
1728 986 1818 1018 Xen.

239 1046 350 1079 Anab.
368 1047 392 1088 Ι,
412 1049 442 1088 4,
461 1048 480 1078 2
514 1042 628 1089 Κῦρον
654 1043 692 1077 δὲ
717 1044 972 1089 μεταπέμπεται
998 1045 1138 1086 (Darius
1163 1045 1193 1076 ll
1218 1045 1291 1085 rex)
1327 1042 1394 1077 ἀπὸ
1417 1047 1481 1090 τῆς
1505 1043 1626 1090 ἀρχῆς,
1649 1041 1693 1087 ἧς
1717 1041 1818 1076 αὐτὸν

240 1103 413 1148 σατράπην
439 1102 588 1146 ἐποίησε,
623 1102 680 1135 καὶ
705 1101 890 1147 στρατηγὸν
918 1100 955 1135 δὲ
980 1100 1081 1135 αὐτὸν
1106 1100 1260 1141 ἀπέδειξε
1285 1101 1432 1145 πάντων,
1464 1099 1538 1134 ὅσοι
1561 1100 1609 1138 εἰς
1633 1096 1821 1134 Καστωλοῦ

240 1159 353 1194 πεδίον
379 1159 603 1207 ἀθροίζονται.
644 1163 674 1203 9,
695 1162 713 1192 7
747 1158 818 1192 ἐπεὶ
841 1159 879 1192 δὲ
902 1156 1132 1204 κατεπέμφθη
1166 1157 1230 1192 ὑπὸ
1254 1161 1315 1192 τοῦ
1346 1158 1470 1204 πατρὸς
1495 1157 1670 1203 σατράπης
1695 1155 1822 1194 Λυδίας

242 1230 279 1251 τε
309 1217 367 1251 ’καὶ
392 1215 540 1263 Φρυγίας
570 1221 632 1262 τῆς
665 1216 818 1262 μεγάλης
847 1215 905 1249 καὶ
930 1213 1189 1259 Καππαδοκίας,
1215 1216 1400 1262 στρατηγὸς
1433 1215 1471 1249 δὲ
1494 1214 1553 1249 καὶ
1583 1214 1716 1249 πάντων
1741 1213 1823 1247 ἀπε-

243 1272 373 1321 δείχθη,
406 1273 458 1312 οἷς
482 1273 630 1319 καθήκει
655 1273 702 1311 εἰς
729 1271 916 1308 Καστωλοῦ
941 1273 1055 1307 πεδίον
1079 1272 1307 1319 ἀθροίζεσθαι.
1341 1274 1472 1307 Hellen.
1492 1275 1517 1316 1,
1534 1276 1566 1316 4,
1585 1276 1622 1306 3:
1648 1269 1762 1319 Κῦρος
1777 1290 1823 1296 --

242 1332 420 1377 ἐπιστολήν
438 1344 473 1365 τε
500 1332 599 1377 ἔφερε
615 1335 688 1369 τοῖς
703 1332 797 1365 κάτω
814 1334 897 1364 πᾶσι
912 1331 950 1365 τὸ
969 1326 1139 1375 βασίλειον
1159 1330 1354 1377 σφράγισμα
1373 1330 1528 1378 ἔχουσαν,
1555 1330 1588 1364 ἐν
1613 1322 1639 1378 ᾗ
1663 1329 1743 1375 ἐνῆν
1766 1329 1824 1363 ’καὶ

240 1390 338 1424 τάδε·
368 1390 580 1434 καταπέμποι
607 1387 721 1435 Κῦρον
745 1389 892 1435 κοίρανον
917 1394 985 1422 τῶν
1017 1388 1065 1427 εἰς
1090 1386 1277 1424 Καστωλὸν
1308 1387 1573 1434 ἀθροιζομένων.
1621 1388 1823 1430 Stephanus

242 1449 326 1490 Byz.
353 1445 543 1482 Καστωλοῦ
569 1445 693 1490 πεδίον,
719 1445 891 1493 Δωριέων,
926 1448 971 1484 ὡς
999 1444 1175 1492 Ξενοφῶν·
1207 1445 1343 1492 ἐκλήθη
1375 1445 1412 1480 δὲ
1437 1445 1488 1480 ὅτι
1512 1442 1722 1482 Καστωλοὺς
1745 1444 1823 1482 τοὺς

242 1503 385 1550 Δωριεῖς
411 1505 442 1539 οἱ
467 1503 573 1539 Λυδοί
598 1516 708 1550 φασιν.
733 1503 775 1548 ἦν
803 1503 839 1537 δὲ
863 1503 961 1542 πόλις
986 1503 1021 1537 ἐν
1039 1503 1150 1550 Λυδίᾳ
1166 1501 1372 1542 Καστωλός·
1404 1503 1442 1537 τὸ
1468 1502 1604 1537 ἐθνικὸν
1625 1499 1824 1539 Καστώλιος

243 1564 287 1600 ὡς
314 1560 545 1606 Σπαρτώλιος,
570 1561 627 1595 καὶ
651 1562 689 1595 τὸ
706 1562 865 1606 ’κτητικὸν
884 1558 1117 1598 Καστωλικός.
1159 1562 1273 1595 Huius
1298 1562 1371 1594 loci
1391 1562 1591 1603 antiquitus
1609 1560 1825 1594 nobilissimi

243 1622 353 1653 situm
385 1622 426 1652 ut
449 1620 612 1653 definiret
635 1620 706 1652 hoc
737 1620 843 1652 titulo
872 1620 1041 1661 indagato
1074 1620 1225 1661 contigit
1250 1620 1457 1652 Bureschio.
1506 1618 1574 1657 Qui
1608 1618 1706 1660 quod
1738 1618 1826 1661 dicit

242 1679 304 1720 qui
330 1680 456 1720 postea
482 1686 595 1720 pagus
621 1677 777 1710 civitatis
803 1677 1109 1719 Philadelphensis
1135 1676 1272 1719 fuisset,
1303 1677 1493 1710 Persarum
1518 1676 1672 1718 imperio
1696 1675 1825 1708 urbem

244 1736 376 1777 Lydiae
401 1737 479 1767 tum
505 1735 645 1777 egregie
675 1735 865 1767 florentem
897 1735 1008 1767 fuisse
1033 1734 1159 1776 videri,
1190 1734 1227 1766 id
1253 1743 1332 1767 mea
1361 1734 1509 1776 quidem
1533 1733 1711 1766 sententia
1744 1741 1824 1774 per-

243 1803 353 1835 quam
379 1793 531 1826 dubium
562 1794 626 1825 est.
675 1792 764 1825 Nam
796 1793 966 1834 Stephani
991 1792 1154 1834 Byzantii
1179 1791 1326 1834 quidem
1360 1789 1458 1828 πόλις
1489 1791 1622 1824 nullius
1652 1791 1826 1823 momenti

244 1853 313 1893 est3
340 1860 450 1892 quam
469 1851 610 1883 veroin
628 1859 666 1882 re
688 1851 834 1882 militari
852 1850 1060 1891 dignitatem
1080 1858 1166 1882 sane
1190 1858 1423 1891 permagnam
1447 1848 1605 1881 habebat
1629 1848 1687 1880 ille
1712 1848 1824 1889 locus,

244 1918 284 1941 ea
308 1918 383 1941 non
408 1908 531 1950 oppidi
556 1909 685 1950 pagive
702 1910 767 1950 est,
794 1908 855 1940 sed
874 1908 994 1949 campi
1012 1907 1207 1940 adiacentis
1225 1916 1332 1949 quem
1351 1907 1498 1949 perfluit
1513 1906 1648 1939 fluvius
1665 1902 1824 1949 &aqud-

248 1965 392 2008 Tschai;
425 1967 487 2008 qui
521 1974 672 2008 campus
698 1966 805 1998 etiam
831 1975 850 1998 a
877 1965 1050 1998 mediocri
1075 1967 1138 1998 aut
1163 1965 1252 1998 adeo
1277 1966 1378 1997 tenui
1409 1964 1583 2006 oppidulo
1608 1972 1742 1995 nomen
1766 1971 1823 1995 ac-

245 2025 364 2065 cipere
398 2025 548 2065 poterat,
579 2024 609 2055 si
643 2023 753 2056 modo
783 2025 863 2055 tum
890 2024 1005 2055 maior
1029 2025 1093 2055 aut
1118 2023 1325 2065 opulentior
1349 2021 1437 2054 urbs
1472 2021 1522 2053 ibi
1546 2030 1618 2053 non
1643 2021 1712 2053 sita
1736 2022 1823 2052 erat.

244 2081 293 2113 Ac
319 2082 349 2113 si
367 2089 494 2113 verum
520 2083 585 2123 est,
611 2081 709 2122 quod
735 2082 812 2123 ipse
829 2081 988 2113 Buresch
1009 2080 1106 2113 haud
1131 2081 1250 2122 inepte
1266 2080 1431 2121 coniecit,
1456 2079 1645 2121 proprium
1663 2078 1824 2110 fluminis

245 2147 379 2170 nomen
402 2138 513 2170 fuisse
531 2134 763 2179 Καστωλ(λ)ός
788 2138 841 2179 (cf.
863 2135 1070 2180 Πακτωλός),
1096 2138 1182 2170 nihil
1201 2138 1346 2170 omnino
1364 2146 1409 2169 ex
1426 2136 1667 2179 appellatione
1683 2131 1824 2168 Καστω-

245 2194 305 2227 λοῦ
331 2194 446 2227 πεδίον
472 2195 523 2236 (cf.
551 2191 729 2239 Καΰστρου
756 2194 880 2236 πεδίον)
907 2195 951 2228 de
977 2195 1101 2237 oppidi
1126 2196 1214 2227 flore
1232 2197 1295 2227 aut
1316 2194 1563 2236 magnitudine
1588 2193 1707 2235 colligi
1730 2193 1823 2225 licet.

246 2253 405 2285 Eundem
439 2261 609 2294 campum
642 2253 682 2285 H.
701 2254 846 2295 Kiepert
875 2253 1024 2285 Formae
1056 2252 1154 2285 orbis
1187 2253 1327 2294 antiqui
1357 2252 1429 2285 tab.
1453 2252 1501 2283 IX
1524 2251 1609 2283 AsIa
1638 2250 1824 2293 provincia

245 2310 383 2343 Comm.
402 2319 435 2352 p.
458 2312 473 2341 4
501 2310 692 2351 significari
710 2311 892 2343 existimat
916 2320 937 2342 a
961 2310 1136 2343 Strabone
1147 2310 1308 2352 X111‚4‚5
1336 2318 1370 2351 p.
1387 2312 1452 2341 626
1477 2309 1622 2341 nomine
1645 2306 1682 2340 τὸ
1706 2303 1823 2351 Κύρου

245 2366 358 2400 πεδίον
385 2367 551 2399 desumto
570 2367 614 2399 ab
632 2368 693 2400 illo
712 2369 791 2409 ipso
810 2369 895 2410 Cyri
913 2368 1063 2400 minoris
1080 2368 1245 2409 Imperio.
1357 2370 1376 2398 2
1409 2368 1521 2408 Pagos
1546 2366 1686 2409 (κώμας,
1709 2376 1823 2398 κατοι-

243 2423 327 2465 κίας)
360 2425 395 2456 in
427 2433 513 2465 agro
546 2425 702 2457 civitatiS
734 2426 822 2458 sitos
853 2425 1003 2458 eandem
1033 2426 1085 2457 rei
1124 2425 1291 2466 publicae
1322 2424 1474 2457 formam
1511 2423 1681 2456 hahuisse
1715 2423 1823 2464 atque

245 2483 342 2524 ipsas
373 2482 549 2523 civitates,
587 2491 627 2513 ea
660 2484 781 2514 tamen
815 2483 1025 2515 condicione
1056 2485 1097 2514 ut
1126 2491 1198 2515 non
1231 2482 1299 2514 nisi
1332 2482 1375 2514 de
1405 2483 1569 2523 ipsorum
1601 2488 1821 2522 paganorum

245 2539 354 2572 rebus
380 2538 571 2571 decernere
598 2540 641 2571 iis
666 2539 797 2581 liceret,
824 2542 860 2572 et
884 2541 942 2572 hic
966 2543 1002 2572 et
1026 2540 1111 2572 alibi
1136 2539 1313 2572 videmus.
1363 2539 1405 2571 Ut
1429 2539 1487 2571 hic
1513 2538 1661 2570 comitia
1687 2535 1824 2582 (ἐκκλη-

245 2596 326 2638 σίαν)
353 2597 435 2638 pagi
461 2596 647 2638 habemus,
674 2597 725 2628 sic
750 2605 794 2628 ex
812 2597 890 2629 aliis
908 2598 1039 2639 Lydiae
1057 2597 1171 2629 titulis
1191 2597 1347 2629 Buresch
1368 2605 1404 2638 p.
1418 2599 1437 2628 2
1463 2595 1643 2637 congessit
1659 2594 1823 2636 exempla

245 2654 533 2696 magistratuum,
559 2654 623 2695 qui
640 2655 702 2686 aut
726 2652 911 2699 κωμάρχαι
936 2655 1173 2696 appellantur,
1199 2656 1263 2686 aut
1279 2654 1368 2686 adeo
1387 2652 1522 2685 eisdem
1545 2655 1654 2694 atque
1678 2653 1713 2684 in
1738 2651 1824 2684 civi-

244 2711 380 2744 tatibus
398 2711 608 2744 nominibus
626 2713 789 2752 utuntur,
814 2701 933 2752 qualia
959 2714 1043 2744 sunt
1067 2710 1194 2757 ἄρχων,
1221 2710 1387 2754 πρύτανις,
1414 2709 1676 2754 στεφανηφόρος,
1701 2709 1823 2754 ἀγορα-

243 2769 359 2813 νόμος,
385 2767 552 2813 λογιστής.
673 2771 689 2799 3
726 2768 799 2800 Hoc
824 2778 938 2800 unum
963 2771 1018 2801 est
1043 2768 1250 2809 exemplum
1275 2766 1449 2812 γερουσίας
1474 2768 1566 2808 pagi,
1598 2767 1661 2799 sed
1685 2766 1822 2799 collatis

245 2827 296 2859 eis
322 2836 413 2868 quae
439 2827 511 2858 not.
531 2828 549 2857 2
577 2826 741 2868 exposita
767 2829 850 2858 sunt
875 2826 942 2858 hoe
960 2826 1047 2857 nihil
1074 2826 1153 2857 miri
1178 2825 1295 2856 habet.
1337 2824 1415 2857 Non
1440 2826 1494 2856 est
1519 2833 1584 2856 cur
1602 2823 1821 2861 dubitemus,

246 2885 332 2926 quin
357 2886 463 2916 etiam
490 2885 526 2916 in
552 2893 654 2926 pago,
688 2886 729 2915 ut
754 2884 789 2915 in
814 2883 1022 2916 civitatibus
1046 2883 1197 2924 Asianis„
1230 2883 1375 2924 gerusia
1407 2881 1596 2923 collegium
1630 2881 1819 2914 hominum
