1858 3126
48 180 129 223 486]
530 181 568 214 C.
585 181 714 214 Antius
737 181 776 214 Δ.
794 181 907 215 Iulius
931 181 1147 221 Quadratus.
1540 184 1619 223 117

161 317 370 375 Σεβαστοῦ
395 317 745 376 ἀντιστΙρά]Ιτηγον
765 319 916 367 Λυκίας
938 318 1006 361 καὶ
1029 319 1308 377 Παμφυλίαςθ,
1343 320 1348 376 Ι
1379 320 1622 377 πρεσβευτὴν

92 396 135 430 15
160 385 230 429 καὶ
258 386 564 445 ἀντιστράτηγον
595 389 601 444 Ι
635 387 933 445 Αὐτοκράτορος
961 387 1124 445 Νέρουα
1145 387 1351 446 Καίσαρος
1381 389 1393 445 ΙΙ
1422 388 1623 446 Τραϊανοῦ

160 454 364 512 Σεβαστοῦ
392 455 639 514 Γερμανικοῦ
672 457 677 513 Ι
709 458 930 515 ἐπαρχείας
961 457 1166 515 Ruptum,
1200 459 1205 514 Ι
1237 460 1263 515 ἡ
1301 459 1474 516 σεβαστὴ
1508 458 1624 501 σύνο-

47 594 304 638 Cappadociae,
329 595 558 629 manifestum
582 598 639 630 est
661 597 740 630 sive
764 597 834 630 hoc
858 597 936 629 sive
961 596 1047 630 illud
1065 599 1203 630 statuas
1219 606 1299 630 eam
1319 598 1509 631 consulatu
1527 598 1624 640 prio-

47 661 126 686 rem
148 652 349 687 habendam
365 662 455 687 esse.
495 654 644 687 Constat
659 662 745 687 sane
762 654 1021 696 Cappadociae,
1046 663 1129 687 cum
1156 658 1259 688 antea
1283 666 1302 688 a
1321 655 1624 698 procuratoribus

46 712 147 744 recta
176 713 283 751 esset,
315 720 337 744 a
361 711 580 754 Vespasiano
605 712 762 753 legatum
787 712 1014 745 consularem
1042 713 1262 754 praefectum
1287 722 1367 746 esse
1400 713 1452 754 (ci.
1478 714 1624 746 sueton.

46 767 233 811 Vespastl
262 765 678 812 prpadociaepropter
706 767 879 802 adsiduos
907 767 1147 803 barbarorum
1175 768 1350 803 incursus
1382 768 1624 813 legionesad-

46 822 151 868 dudit,
175 823 468 869 cannula-mque
489 827 658 860 rectorem
681 824 866 870 imposuit.
914 826 994 860 Tac.
1017 827 1101 860 hist.
1127 827 1167 869 II,
1186 829 1223 860 84
1252 825 1315 860 sed
1333 825 1491 861 inermes
1517 826 1627 871 leqati

45 880 212 927 repebant
242 883 296 924 (89
320 892 351 916 a.
377 883 481 925 Chr.),
511 883 675 917 nondum
705 882 842 918 additis
875 881 1124 928 Gamadociae
1154 883 1363 929 Ιερόωιῶιιε,
1397 894 1492 927 quos
1524 885 1623 918 locos

46 939 152 974 affert
180 940 209 974 J.
232 941 439 984 Harquardt
467 941 568 974 Rom.
597 942 940 984 Staatsverwaltung
971 943 984 974 1
1017 951 1052 985 p.
1081 944 1145 975 367
1177 945 1251 976 not.
1277 946 1307 975 6.
1355 943 1444 975 Item
1484 942 1567 976 inde
1604 952 1623 975 a

46 997 188 1032 Traiani
210 998 440 1042 temporibus
463 1001 520 1032 sat
543 999 678 1033 multos
702 1001 872 1033 novimus
895 999 1146 1043 Cappadociae
1176 1001 1313 1042 legatos
1337 1009 1473 1043 eosque
1497 1009 1624 1033 omnes

46 1055 254 1089 consulares
284 1056 503 1099 (Marquardt
526 1066 562 1100 p.
579 1059 643 1089 ³7⁰
658 1058 759 1100 sqq.).
807 1058 853 1090 At
884 1066 927 1091 eo
959 1057 1060 1100 quod
1090 1058 1318 1091 interiectum
1353 1060 1431 1091 erat
1460 1060 1624 1100 tempore

46 1113 293 1147 Domitianum
327 1114 462 1157 aIIquid
498 1123 655 1148 novasse
690 1116 727 1148 in
768 1115 1079 1148 administratione
1120 1116 1229 1148 huius
1268 1116 1478 1158 provinciae
1517 1116 1623 1157 eique

46 1173 240 1214 propterea
263 1173 486 1214 praetorium
517 1172 675 1215 legatum
708 1181 775 1215 pro
806 1173 987 1206 consulari
1021 1173 1173 1214 dedisse,
1206 1182 1300 1215 quae
1332 1174 1487 1206 mutatio
1520 1173 1622 1205 brevi

46 1237 175 1262 rursus
199 1229 334 1262 abolita
357 1231 463 1271 esset,
495 1238 540 1262 ex
565 1229 737 1268 Quadrati
761 1230 876 1262 titulis
900 1230 1044 1271 collegit
1067 1229 1310 1271 Waddington
1341 1232 1378 1262 et
1401 1230 1527 1262 eodem
1554 1233 1624 1261 ret-

46 1285 143 1328 tulit,
172 1286 273 1328 quod
296 1286 355 1319 llle
384 1288 421 1319 in
454 1287 568 1319 titulis
600 1289 807 1320 constanter
836 1296 918 1329 nou,
948 1290 990 1320 ut
1014 1288 1154 1330 priores
1182 1290 1218 1320 et
1242 1288 1462 1330 posteriores
1487 1296 1624 1329 omnes,

47 1343 185 1385 legatus
201 1339 460 1386 Καππαδοκίας,
485 1344 550 1376 sed
566 1343 747 1390 ἐπαρχείας
766 1341 1038 1390 Καππαδοκικῆς
1055 1345 1237 1377 diceretur
1255 1346 1408 1386 (praeter
1424 1345 1521 1377 hunc
1537 1345 1624 1376 titu-

47 1400 124 1433 lum
147 1401 255 1434 etiam
280 1401 430 1434 Alterth.
452 1410 485 1434 v.
503 1402 701 1444 Pergamon
717 1402 807 1444 VIII,
825 1404 845 1435 2
863 1412 896 1435 n.
917 1405 1041 1443 kam.
1060 1406 1091 1435 9.
1119 1404 1195 1444 438,
1213 1404 1244 1435 4.
1265 1406 1294 1435 5.
1322 1405 1398 1443 439,
1418 1406 1448 1434 6.
1486 1401 1521 1435 C.
1541 1402 1566 1434 1.
1584 1402 1623 1434 G.

50 1460 150 1501 3548,
166 1460 198 1492 ’1.
216 1461 248 1492 8.
286 1459 394 1492 Inscr.
413 1459 576 1493 Tloeusis
600 1468 655 1502 ap.
673 1459 800 1493 Wadd.
825 1460 947 1493 Fastes
969 1469 1003 1492 n.
1023 1461 1112 1501 444).
1152 1460 1203 1492 De
1220 1462 1348 1493 natura
1371 1460 1481 1492 huius
1506 1462 1624 1491 muta-

47 1515 157 1548 tionis
187 1515 275 1549 nihil
306 1516 395 1550 dicit
424 1516 676 1559 Waddingtou.
724 1517 886 1550 Proclive
909 1519 965 1550 est
994 1518 1183 1560 suspicari,
1215 1517 1393 1550 ambitum
1425 1517 1503 1549 eius
1537 1526 1625 1550 con-

46 1574 203 1606 tractum
227 1581 318 1615 esse,
341 1575 384 1607 ut
406 1583 479 1607 non
496 1575 567 1607 iam
591 1575 697 1616 legati
714 1575 916 1608 consularis
933 1575 1096 1617 dignitati
1114 1575 1410 1608 accommodatus
1426 1574 1623 1616 videretur,

47 1629 199 1664 fortasse
220 1630 356 1664 Galatia
388 1630 435 1664 ah
458 1640 501 1665 eo
525 1635 700 1674 separata.
749 1632 816 1665 Sed
841 1633 913 1665 hoc
946 1632 1120 1665 refellitur
1142 1633 1247 1665 titulo
1271 1633 1420 1665 Alterth.
1446 1641 1518 1665 von
1544 1633 1625 1664 Per-

46 1695 180 1730 gamon
196 1687 286 1731 Vm,
302 1690 323 1721 2
347 1697 382 1731 p.
401 1691 467 1721 3⁰8
493 1699 526 1722 n.
545 1691 622 1731 454,
641 1693 660 1721 7
674 1698 753 1732 sqq.
786 1688 1019 1735 [πρεσβευτὴν]
1045 1688 1051 1733 Ι
1078 1686 1249 1734 Σεβαστοῦ
1283 1688 1500 1736 ὲπΙαρχ]ε[ἰας
1526 1685 1624 1723 Καπ-

46 1743 259 1790 παδοκιιῆςᾸ
290 1743 297 1790 Ι
333 1741 515 1788 Γαλατίας,
551 1743 709 1792 Φρυγίας,
749 1745 756 1790 Ι
794 1743 969 1789 miamin,
1004 1743 1221 1793 ἈντΙι1οχἱας,
1260 1742 1430 1792 Ἀρμενίας
1467 1745 1624 1789 μ[ικρᾶς].

47 1801 145 1842 Quae
168 1802 258 1836 adeo
281 1803 440 1837 indicare
463 1803 643 1847 videntur,
673 1805 897 1847 provinciam
923 1804 1032 1838 simul
1057 1804 1311 1846 amplificatam
1338 1806 1374 1836 et
1397 1813 1418 1836 a
1442 1804 1622 1836 consulari

46 1860 164 1902 legato
187 1861 225 1894 in
241 1862 463 1903 praetorium
481 1862 690 1895 translatam
707 1870 797 1904 esse,
822 1871 898 1894 rem
917 1870 1002 1895 sane
1022 1863 1228 1904 permiram.
1338 1865 1357 1893 8
1391 1861 1509 1894 Etiam
1527 1861 1623 1893 hunc

47 1919 84 1951 et
106 1919 313 1960 proximum
338 1919 512 1952 honorem
537 1921 620 1952 ante
643 1920 872 1952 consulatum
899 1921 1019 1962 gessit.
1061 1919 1217 1952 Insulam
1236 1919 1379 1952 Cretam
1404 1927 1486 1951 cum
1513 1918 1622 1959 Cyre-

49 1975 151 2008 uaica
179 1975 226 2009 ab
248 1976 412 2018 Augusto
444 1976 489 2009 ad
516 1977 778 2010 Diocletianum
812 1977 1179 2019 unamrprovinciam
1211 1976 1429 2009 senatoriam
1461 1975 1623 2008 effecisse

46 2040 202 2075 eamque
217 2042 239 2066 a
253 2033 534 2076 proconsulibus
550 2034 743 2076 praetoriis
760 2034 1048 2067 administratam
1066 2043 1146 2067 esse
1162 2035 1314 2067 constat.
1347 2033 1397 2066 Cf.
1416 2032 1625 2075 Marquardt

46 2089 149 2123 Rom.
173 2090 515 2133 Staatsverwaltung
540 2092 555 2123 1
578 2100 614 2134 p.
633 2093 692 2124 464
706 2100 785 2134 sqq.
902 2095 921 2124 9
955 2092 1063 2134 Lycia
1087 2094 1125 2124 et
1149 2090 1372 2133 Pamphylia,
1403 2099 1488 2122 cnm
1519 2092 1623 2122 antea

48 2147 158 2180 modo
181 2148 395 2181 coniunctae
418 2149 528 2181 modo
553 2151 741 2191 separatae
765 2149 928 2191 fuissent,
952 2149 1035 2182 inde
1059 2149 1105 2182 ab
1121 2158 1214 2182 anno
1235 2151 1274 2180 74
1294 2157 1328 2191 p.
1346 2148 1428 2180 Chr.
1453 2148 1490 2180 in
1514 2148 1622 2180 unius

47 2204 256 2246 provinciae
278 2214 412 2248 corpus
435 2206 608 2239 confusae
631 2208 751 2249 primo
775 2207 1017 2249 imperatoris,
1050 2206 1178 2239 deinde
1202 2206 1248 2239 ab
1273 2215 1367 2238 anno
1392 2207 1456 2238 435
1482 2214 1516 2247 p.
1540 2205 1622 2237 Chr.

47 2261 267 2304 reipublicae
282 2266 393 2296 erant.
426 2263 490 2296 Illo
508 2266 673 2306 tempore
694 2264 828 2306 legatos
845 2273 912 2306 pro
935 2266 1102 2307 praetore
1118 2263 1299 2296 habebant
1314 2263 1532 2305 praetorios;
1554 2263 1623 2294 hoc

48 2319 207 2352 officium
230 2323 457 2363 postremum
474 2323 529 2354 est
543 2322 640 2363 quod
658 2321 862 2361 Quadratus
879 2324 962 2355 ante
985 2323 1143 2365 priorem
1161 2321 1390 2354 consulatum
1409 2321 1462 2361 (93
1479 2329 1515 2362 p.
1529 2320 1621 2359 Chr.)

49 2378 265 2420 susceperit;
295 2387 368 2411 non
393 2380 490 2411 recte
513 2379 624 2420 igitur
646 2379 854 2421 Marquardt
877 2389 912 2422 p.
932 2382 997 2412 376
1022 2383 1096 2412 not.
1115 2383 1133 2412 3
1160 2381 1195 2411 in
1220 2378 1395 2411 laterculo
1422 2378 1621 2419 legatorum

49 2433 179 2477 Lyciae
201 2437 238 2467 et
263 2435 492 2478 Pamphyliae
515 2436 615 2469 illum
645 2437 690 2469 ad
714 2437 856 2470 Traiani
879 2438 1124 2479 principatum
1156 2436 1275 2469 refert.
1393 2438 1434 2467 40
1467 2434 1623 2468 Nobilis-

49 2492 140 2524 sima
163 2492 253 2525 haec
275 2493 343 2525 fuit
364 2494 458 2525 inter
482 2494 689 2535 provincias
722 2495 983 2537 imperatorias,
1014 2497 1055 2527 ut
1078 2495 1163 2526 Asia
1191 2496 1227 2526 et
1251 2493 1367 2526 Africa
1398 2493 1492 2524 inter
1521 2500 1623 2524 sena-

49 2550 170 2582 torias.
218 2549 336 2588 Quare
360 2559 505 2593 semper
528 2560 548 2583 a
572 2551 824 2585 consularibus
849 2552 1097 2585 administrata
1123 2554 1188 2584 est.
1228 2552 1266 2583 In
1291 2551 1397 2583 titulo
1422 2550 1621 2582 honorario

50 2605 346 2640 Antiochensium
370 2608 415 2641 ad
439 2608 726 2650 Chrysorrhoam
752 2609 806 2650 (cf.
832 2619 866 2643 ιι.
886 2608 984 2648 62⁴2)
1009 2609 1159 2642 Alterth.
1183 2618 1217 2641 v.
1235 2609 1335 2650 Perg.
1352 2608 1441 2649 Vm,
1460 2610 1479 2638 2
1504 2616 1538 2648 p.
1559 2609 1615 2637 304

50 2672 85 2696 n.
110 2666 187 2707 ⁴37,
209 2668 229 2697 2
262 2667 466 2699 accuratius
498 2666 631 2699 dicitur
659 2665 913 2711 πρΙεσβευῩτῇῌ
939 2665 945 2710 Ι
971 2665 1030 2699 καὶ
1058 2665 1316 2712 ἀντιστράτηγον
1345 2671 1348 2704 ξ
1376 2663 1623 2706 αὐτοκράτορος

51 2716 186 2765 Νέρουα
212 2720 218 2766 Ι
244 2719 413 2767 Τραϊανοῦ
439 2720 611 2767 Καίσαρος
637 2721 831 2768 Σεβαστοῦ]
858 2722 863 2767 Ι
889 2721 1100 2769 Γερμανικοῦ
1121 2721 1272 2757 Anum-3
1290 2719 1434 2765 ΣυρίαΙς]
1461 2718 1467 2763 Ι
1493 2717 1623 2752 Φοινεί-

51 2787 127 2821 της,
139 2774 387 2825 Κομμαγηνῆς.
424 2780 689 2822 Commagenen
703 2790 787 2813 cum
807 2781 962 2822 imperio
974 2781 1138 2813 Romano
1152 2779 1408 2820 adiungeretur
1427 2779 1623 2810 auctumno

53 2835 137 2867 anni
161 2839 198 2867 74
220 2845 254 2878 p.
273 2837 353 2870 Chr.
386 2847 459 2870 non
489 2840 692 2881 separatam
722 2839 949 2881 provinciam
979 2838 1090 2871 fuisse
1113 2847 1157 2870 ex
1182 2838 1251 2870 hoe
1281 2837 1362 2877 ipso
1386 2834 1492 2866 titulo
1517 2832 1623 2865 colle-

54 2894 184 2932 gerunt
205 2893 371 2927 homines
394 2895 503 2928 docti.
551 2895 600 2928 Cf.
626 2895 834 2938 Marquardt
857 2904 893 2937 p.
912 2898 975 2928 399
1007 2898 1043 2927 et
1066 2902 1159 2936 quos
1188 2893 1246 2925 ille
1271 2891 1374 2924 affert
1397 2891 1434 2922 in
1458 2891 1544 2922 nota
1569 2891 1622 2921 ⁴2.

55 2947 220 2981 Ceterum
252 2953 395 2993 tempus
424 2952 613 2994 legationis
646 2953 817 2994 Lyciacae
854 2953 1015 2985 eiusdem
1048 2949 1342 2983 Antiochensium
1379 2947 1623 2989 inscriptionis
