1858 3126
151 72 230 114 138
383 71 471 103 VIII.
509 70 654 113 Imperii
678 70 828 102 Romani
852 70 1062 112 provinciae
1088 68 1289 102 orientales.
1339 71 1370 101 4.
1393 69 1486 101 Asia.
1596 67 1722 110 [498-

146 210 328 243 Wissowa
353 207 698 250 Realencyklopadie
722 208 763 250 II,
782 210 801 240 2
826 217 861 250 p.
879 209 966 240 4564
983 216 1060 250 sqq.
1093 216 1230 250 omnes,
1261 208 1324 250 qui
1354 217 1375 241 a
1405 205 1614 240 civitatibus
1645 206 1720 239 suis
1770 224 1772 227 -

146 268 182 300 in
207 267 400 300 concilium
425 275 620 299 commune
644 265 854 308 provinciae
877 265 982 298 Asiae
1014 265 1115 297 missi
1148 266 1278 307 essent,
1309 265 1491 298 asiarchas
1523 263 1721 306 appellatos

146 326 338 358 existimat.
388 324 643 362 Quaestionem
668 322 913 356 difficillimam
941 322 1137 355 diiudicare
1161 331 1235 355 non
1258 322 1367 356 huius
1389 322 1460 356 loci
1483 323 1549 364 est,
1582 320 1645 354 sed
1669 321 1722 353 in-

145 391 260 425 genue
283 381 465 424 profiteor,
496 381 583 413 mihi
601 381 816 413 Mommseni
844 381 1057 413 sententiam
1085 381 1250 412 omnium
1275 380 1472 413 maximam
1496 379 1574 412 veri
1598 378 1723 411 simili-

146 440 307 473 tudinem
345 438 477 472 habere
509 438 625 471 videri
663 447 748 471 cum
784 438 862 470 aliis
898 437 942 470 de
978 438 1107 479 causis,
1144 439 1221 470 tum
1253 438 1338 479 quia
1373 438 1410 470 in
1445 436 1505 470 illa
1536 436 1724 478 provincia

147 506 278 531 nomen
294 495 462 543 ἀσιάρχης
486 496 592 538 plane
610 496 716 528 aliam
733 496 808 527 vim
830 495 974 537 habere,
1000 498 1108 536 atque
1125 496 1161 527 in
1178 495 1339 528 finitImis
1361 492 1594 540 βιθυνιάρχης,
1618 491 1724 539 γαλα-

144 553 285 601 τοίρχης,
309 552 499 598 λυκιάρχης
525 552 713 586 manifesto
731 551 896 595 habeant,
922 553 1026 594 plane
1042 552 1252 585 incredibile
1269 552 1422 585 videtur.
1462 550 1610 584 Accedit
1625 551 1724 593 quod

145 623 239 656 quae
272 614 344 645 not.
377 615 396 644 2
428 612 472 645 de
507 612 671 654 Philippo
709 612 885 644 Tralliano
911 611 1174 653 Polycarpique
1212 611 1388 653 martyrio
1427 610 1590 652 exposita
1628 610 1723 652 sunt,

145 680 276 704 eorum
295 670 468 712 opinioni,
494 670 557 712 qui
573 669 754 702 asiarchas
779 669 824 701 ab
842 668 1065 701 antistitibus
1090 677 1277 701 sacrorum
1294 667 1573 710 provincialium
1598 666 1723 699 distin-

145 730 269 770 guunt,
295 729 392 760 certe
410 737 484 760 non
500 727 631 760 favent.
741 728 759 758 4
793 726 871 759 Non
889 726 1167 768 quadriennium
1185 727 1366 758 449-453
1385 734 1419 767 p.
1435 725 1515 757 Chr.
1539 724 1599 757 hic
1616 724 1724 765 signi-

144 785 243 819 ficari
269 786 357 818 mihi
382 785 536 827 videtur,
563 784 625 817 sed
643 785 743 827 ipsae
767 784 875 816 feriae
898 783 1108 826 Olympicae
1132 784 1268 816 aestate
1292 783 1376 816 anni
1401 785 1464 815 449
1491 783 1602 824 actae,
1632 789 1724 823 quae

145 846 201 876 est
224 843 353 886 propia
376 843 533 875 nominis
552 837 748 885 Ὀλυμπιάς
773 842 840 874 vis.
888 840 977 874 Nam
1010 842 1176 873 senatum
1201 840 1432 883 Olympicum
1464 848 1528 882 per
1558 840 1724 882 ipsorum

145 901 315 934 ludorum
340 900 568 933 occasionem
595 899 812 941 Philippum,
842 900 900 931 cui
925 907 1009 931 cum
1034 898 1294 931 Trallianorum
1318 897 1495 939 Olympiis
1521 897 1724 930 arctissima

146 958 384 991 intercederet
408 957 649 998 necessitudo,
675 958 815 989 statuae
839 957 975 989 honore
993 955 1155 988 affecisse
1179 957 1461 988 consentaneum
1486 956 1551 987 est.
1590 954 1723 987 Distin-

144 1015 287 1058 guenda
311 1016 421 1057 igitur
445 1016 546 1057 prior
570 1015 652 1047 anni
679 1011 784 1057 448s9
810 1014 986 1046 asiarchia
1010 1013 1165 1055 Philippi
1199 1012 1244 1045 ab
1268 1013 1327 1045 illa
1359 1012 1471 1045 altera
1503 1012 1584 1044 anni
1620 1009 1722 1055 45los5

145 1082 180 1115 p.
199 1073 292 1115 Chr.,
317 1081 382 1115 per
406 1081 516 1114 quam
542 1072 764 1113 Polycarpus
791 1072 937 1103 necatus
962 1073 1017 1103 est
1043 1071 1125 1111 (not.
1145 1070 1186 1111 2).

231 1278 323 1321 499
365 1281 486 1333 Lapis
508 1280 700 1319 advectus
731 1281 771 1318 in
793 1280 987 1332 oppidum
1007 1276 1143 1318 Amin
1164 1278 1217 1316 ad
1247 1277 1426 1317 scholam
1447 1288 1597 1317 novam
1617 1277 1726 1316 aedi-

147 1350 361 1389 ficandam.
425 1350 485 1388 Ex
524 1348 765 1401 apographo
797 1349 935 1388 Oscari
967 1347 1128 1387 Schultz
1169 1346 1390 1399 architecti,
1427 1347 1495 1399 qui
1533 1346 1587 1384 illi
1616 1345 1726 1385 aedi—

146 1419 323 1458 ficationi
353 1422 550 1470 praeerat,
585 1418 646 1457 ed.
679 1418 721 1456 E.
746 1419 897 1469 Loewy
926 1416 1055 1456 Mitth.
1089 1417 1159 1456 des
1190 1416 1298 1455 arch.
1322 1417 1416 1455 Inst.
1445 1416 1486 1454 in
1514 1414 1644 1454 Athen
1670 1414 1725 1454 XI

148 1486 288 1539 (4886)
319 1500 358 1539 p.
383 1487 479 1526 203.
532 1487 669 1526 Paullo
707 1487 932 1526 accuratius
962 1486 1019 1525 Al.
1044 1486 1129 1524 Em.
1153 1485 1378 1524 Kontoleon
1407 1484 1507 1523 Bull.
1540 1483 1590 1523 de
1619 1494 1722 1523 corr.

147 1557 245 1596 Hell.
268 1557 304 1594 X
335 1553 475 1609 (4886)
505 1568 544 1608 p.
571 1556 664 1594 456.
718 1555 775 1595 Cf.
808 1556 850 1594 P.
875 1554 1062 1594 Foucarti
1099 1554 1400 1593 adnotationem
1436 1553 1531 1592 ibid.
1562 1564 1601 1604 p.
1627 1550 1721 1591 457.

146 1626 179 1664 J.
193 1625 230 1664 S.
245 1624 400 1664 Sterret
424 1625 578 1676 Papers
595 1623 641 1662 of
652 1623 721 1662 the
737 1624 948 1662 American
965 1622 1102 1662 school
1124 1624 1166 1660 at
1188 1621 1341 1661 Athens
1356 1622 1391 1659 Π
1413 1633 1453 1673 p.
1473 1621 1554 1661 325
1572 1632 1610 1660 n.
1625 1619 1722 1660 379.

263 1735 415 1792 Γ(άί“ον)
458 1733 637 1789 Ἰούλιον,
681 1732 848 1777 Ἰουλίου
887 1734 1089 1777 Φιλίππου
1126 1733 1348 1790 ἀρχιερέως
1389 1732 1394 1790 Ι
1428 1731 1586 1780 Ἀειιίας1
1622 1733 1720 1786 υἱόν,

264 1804 437 1848 Οὐελίνα
467 1806 703 1859 Φίλιππονῖ,
747 1805 866 1847 ἱππέα
887 1801 1142 1859 ῬωΙμαῖονῧ,
1179 1805 1255 1844 τῶν
1287 1803 1481 1844 ἐκλέκτων
1513 1803 1554 1843 ἐν
1577 1799 1720 1857 Ῥώμῃ

263 1877 495 1926 ὃικαστῶν4,
547 1875 551 1929 Ι
600 1875 808 1930 ἐπίτροπον
853 1875 929 1915 τῶν
976 1872 1189 1929 Σεβαστῶν
1201 1874 1229 1925 ⁵,
1276 1871 1430 1927 πατέρα
1471 1867 1667 1926 Ἰουλ(ίου)
1713 1868 1724 1926 ΙΙ

214 1956 232 1987 5
271 1943 471 1985 Φιλίππου
513 1944 788 1998 συγκλητικοῦ,
827 1944 1048 1998 στρατηγοῦ
1075 1939 1341 1995 ῬωμαίΙωνθ,
1385 1939 1493 1996 ἱερέα
1534 1935 1602 1981 διὰ
1634 1938 1723 1995 βίου

263 2015 333 2054 τοῦ
366 2011 459 2058 Διὸς
490 2015 559 2053 τοῦ
591 2011 802 2068 Λαρασίου
815 2014 840 2053 ⁷.

239 2152 390 2183 Litterae
415 2149 562 2183 ΑΠΣΩ.
673 2153 685 2181 4
718 2150 766 2182 Cf.
795 2147 892 2182 4982.
907 2148 932 2182 3.
1044 2152 1062 2181 2
1094 2149 1193 2181 Idem
1210 2148 1396 2190 Philippus
1414 2149 1469 2180 est
1493 2156 1525 2179 n.
1545 2148 1622 2188 500,
1640 2149 1671 2179 5.
1691 2148 1720 2179 6.

149 2212 225 2249 504,
245 2211 274 2241 2.
394 2211 411 2239 3
444 2207 493 2240 Cf.
519 2217 552 2240 n.
572 2207 668 2239 4956.
794 2209 811 2239 4
845 2207 894 2240 Cf.
922 2217 953 2252 n.
973 2209 1049 2249 567,
1068 2209 1121 2239 40.
1142 2209 1194 2238 44;
1229 2204 1403 2238 ἐπίλεκτον
1435 2203 1551 2248 κριτὴν
1587 2202 1627 2236 ἐκ
1654 2207 1721 2236 τῶν

147 2265 181 2299 ἐν
201 2261 318 2311 Ῥώμῃ
345 2263 539 2309 ὃεκουριῶν.
581 2266 670 2297 Item
695 2265 731 2296 in
755 2264 871 2296 titulis
894 2265 1026 2297 Latinis
1050 2263 1147 2296 haud
1170 2262 1414 2305 infrequenter
1437 2260 1545 2296 iudex
1567 2259 1721 2301 selectus,

147 2321 285 2356 iudices
319 2320 444 2364 selecti,
481 2321 524 2354 cf.
562 2322 623 2354 Th.
654 2322 852 2354 Mommsen
890 2322 989 2354 Rom.
1020 2321 1240 2354 Staatsrecht
1267 2321 1324 2362 111,
1355 2318 1391 2352 43
1426 2328 1460 2361 p.
1489 2321 1554 2351 536
1591 2319 1665 2351 not.
1690 2320 1720 2350 2.

148 2385 166 2414 5
201 2381 389 2413 Hominem
415 2380 518 2412 cuius
543 2381 646 2421 pater
669 2379 763 2411 intra
788 2388 900 2412 annos
927 2381 1106 2411 449-455
1130 2388 1163 2421 p.
1183 2378 1262 2411 Chr.
1289 2378 1443 2410 summis
1467 2379 1502 2409 et
1526 2376 1662 2418 patriae
1686 2376 1722 2407 et

147 2438 357 2481 provinciae
388 2437 500 2469 sacris
532 2435 746 2478 praefuisset
787 2437 830 2476 (n.
858 2435 969 2478 498²),
1005 2437 1126 2478 ipsum
1163 2437 1226 2468 aut
1261 2436 1305 2467 M.
1333 2434 1467 2466 Aurelii
1503 2434 1538 2465 et
1573 2432 1609 2464 L.
1638 2431 1722 2464 Veri

148 2496 339 2536 (464-469
365 2503 399 2536 p.
418 2494 510 2534 Chr.)
537 2495 599 2525 aut
623 2494 667 2526 M.
684 2493 817 2525 Aurelii
843 2495 878 2525 et
903 2493 1091 2526 Commodi
1118 2493 1307 2533 (476-480
1334 2500 1368 2533 p.
1395 2490 1486 2531 Chr.)
1511 2498 1583 2522 una
1607 2489 1721 2530 impe-

146 2554 304 2585 rantium
329 2552 606 2594 procuratorem
638 2550 748 2582 fuisse
779 2559 861 2583 cum
887 2552 1093 2592 temporum
1125 2548 1326 2582 rationibus
1359 2547 1515 2589 perbene
1539 2546 1719 2579 convenit.

147 2611 237 2643 Sane
261 2609 319 2642 hic
342 2608 469 2641 titulus
494 2607 677 2649 aliquanto
703 2608 880 2640 recentior
905 2609 959 2640 est
984 2607 1066 2647 (not.
1086 2606 1127 2646 6).
1175 2605 1299 2647 Neque
1323 2613 1409 2637 vero
1442 2604 1479 2636 id
1502 2603 1720 2646 enuntiatur,

148 2671 225 2700 tum
255 2668 377 2709 ipsum
402 2666 606 2707 Philippum
638 2667 912 2706 procuratorem
937 2665 1181 2705 Augustorum
1214 2663 1333 2704 fuisse,
1367 2661 1430 2694 sed
1460 2661 1594 2703 prioris
1624 2660 1721 2692 vitae

148 2726 304 2758 honores
329 2725 365 2756 et
390 2723 507 2756 officia
530 2723 797 2754 enumerantur.
915 2724 933 2753 6
966 2721 1055 2753 Hinc
1083 2721 1242 2762 apparet,
1272 2721 1412 2761 patrem
1441 2718 1549 2750 huius
1578 2719 1720 2750 senato-

148 2783 197 2815 ris
231 2785 266 2815 et
301 2781 478 2824 praetoris
513 2788 635 2813 senem
672 2779 744 2812 iam
781 2779 890 2811 fuisse
926 2787 1009 2811 cum
1047 2779 1323 2810 monumentum
1354 2777 1560 2817 erigeretur.
1615 2774 1721 2813 Quod

148 2848 181 2872 n.
207 2842 284 2881 504,
312 2841 340 2871 4.
369 2842 387 2871 5
423 2838 518 2870 filius
555 2838 641 2870 item
672 2837 817 2869 senator
849 2838 885 2868 et
919 2836 1064 2878 praetor
1093 2834 1303 2877 appellatur,
1339 2842 1422 2866 cum
1458 2842 1490 2865 n.
1517 2835 1593 2874 500,
1620 2834 1650 2864 9.
1677 2833 1718 2863 40
