1858 3126
201 137 286 177 666

246 271 335 307 θεῶν
385 269 541 316 μεγάλων
588 270 691 316 τιμὴν

247 329 325 371 383,
345 336 398 363 61.
423 328 502 372 404,
522 335 562 362 23

199 385 319 431 ἥλιος·
354 383 637 431 καθεσθῆναι-
661 384 725 419 ὑπὸ
757 383 858 430 ἡλίου
895 383 960 424 ἔξω

247 443 325 487 201,
344 448 398 476 20.
451 441 518 477 ἀπὸ
554 442 617 487 μὲν
654 441 753 487 ἡλίου
786 441 959 476 ἀνατολῶν

246 500 326 543 225,
346 507 398 535 40.
440 499 636 547 δικαιοσύνῃ
661 499 720 534 καὶ
743 502 819 538 ταῖς
841 498 961 537 ἄλλαις

246 556 383 602 ἀρεταῖς
419 560 530 591 πᾶσαν
570 556 771 603 διειληφότα
804 557 867 602 τὴν
905 552 956 601 ὑφ’

245 613 334 660 ἡλίῳ
361 614 439 658 520,
459 621 488 648 6.
529 613 609 652 τοὺς
625 618 688 660 τῆς
710 610 763 660 ὑφ’
783 612 872 660 ἡλίῳ
896 618 960 660 γῆς

246 670 495 717 αὐτοκράτορος
525 672 583 706 καὶ
607 671 856 719 τροπαιούχους
887 671 961 705 δεσ-

246 728 352 767 πότας
378 729 455 772 723,
476 736 490 762 1

199 784 296 831 ἦμαρ
323 786 401 830 573,
421 791 460 819 24

201 841 317 888 ἡμέρα
334 842 482 887 passim

199 898 345 946 ἥμερος·
371 899 504 934 πάντων
529 898 719 946 ἀνθρώπων
739 899 960 946 ἡμερώτατος

247 955 417 1001 (βασιλεὺς
476 955 690 1003 Πτολεμαῖος
737 956 959 1003 Φιλομήτωρ)

249 1014 326 1057 116,
346 1022 362 1048 7

198 1069 356 1116 ἤπειρος·
396 1071 485 1105 κατά
519 1083 557 1104 τε
593 1071 656 1117 τὴν
691 1068 867 1106 θάλασσαν
901 1071 961 1105 καὶ

245 1128 307 1173 τὴν
332 1127 473 1173 ἤπειρον
499 1129 554 1172 90,
574 1135 613 1163 21

199 1184 346 1231 ἤρεμος·
379 1184 508 1231 ἤρεμον
537 1185 596 1219 καὶ
624 1184 773 1232 γαληνὸν
803 1185 860 1220 τὸν
887 1185 959 1231 βίον

247 1241 431 1288 διαγόντων
457 1243 535 1286 519,
557 1250 596 1278 10

198 1298 371 1347 ἡρωϊκός·
432 1299 566 1346 φύσεως
621 1299 779 1346 ἡρωϊκῆς
826 1300 959 1348 χάρισιν

247 1356 352 1403 ἱεραῖς
377 1358 455 1401 383,
477 1365 551 1392 141.
598 1358 700 1403 τιμὴν
723 1357 891 1405 ἡρωϊκήν,
915 1357 959 1403 ἣν

245 1414 414 1453 ἀθάνατος
438 1414 547 1460 κρίσις
572 1414 741 1460 ἐκύρωσεν
767 1416 845 1460 383,
865 1421 929 1449 202

199 1470 309 1517 ἡρωῖς
333 1472 414 1515 490,
434 1479 451 1505 8

199 1527 313 1574 ἡρῷον
340 1529 418 1572 526,
438 1536 467 1563 3.
495 1530 573 1572 554,
594 1538 611 1564 6

198 1584 336 1630 ἡρῷος’
368 1585 460 1631 ἐμῶν
485 1586 662 1633 προγόνων
694 1584 792 1624 οὗτος
817 1585 853 1620 ὃν
879 1584 960 1632 ὁρᾷς

245 1641 360 1689 ἡρῷος
383 1642 488 1691 λόχος
513 1643 590 1687 383,
612 1650 651 1677 48

198 1698 310 1746 ἥρως·
346 1699 436 1746 ἥρωϊ
469 1699 630 1748 εὐεργέτῃ
667 1701 747 1745 469,
766 1707 796 1734 2.
848 1699 960 1746 ἥρωες

246 1757 324 1800 552,
357 1764 386 1791 7.
459 1755 547 1792 θεῶν
588 1757 712 1804 ἡρώων
753 1770 789 1792 τε
828 1757 959 1792 τούτων

247 1814 325 1857 383,
358 1820 432 1848 125.
485 1815 578 1861 παρὰ
612 1813 701 1849 θεῶν
743 1815 801 1849 καὶ
836 1814 959 1861 ἡρώων

247 1871 325 1914 383,
347 1878 421 1905 190.
469 1870 746 1918 καθωσιωμένων
770 1885 807 1906 τε
836 1872 960 1918 ἡρώων

246 1927 443 1972 ἀτιμασθεὶς
489 1929 595 1974 νόμος
639 1929 835 1967 ἀνειλάτους
888 1929 961 1977 ἔχει

246 1985 366 2023 ποινάς
392 1986 469 2029 383,
491 1993 552 2020 119

199 2041 272 2087 ἠχή
300 2042 378 2085 309,
400 2050 438 2075 11

199 2154 356 2190 θάλασσα
374 2156 533 2200 passim.
573 2156 712 2202 στήλαις
729 2156 873 2195 λιθίναις
898 2157 959 2202 ἐμ-

245 2213 477 2259 πηγνυμέναις
508 2214 584 2248 ἐκεῖ
611 2213 697 2259 πρὸς
733 2215 776 2261 τῇ
803 2213 957 2262 θαλάττῃ

246 2270 397 2314 521,10.
449 2269 650 2305 Λαοδικέων
680 2276 747 2305 τῶν
781 2271 866 2316 πρὸς
896 2270 958 2305 θα-

244 2326 354 2373 λάσσῃ
381 2328 458 2371 603,
478 2335 495 2361 4

200 2383 346 2422 θαλλός·
371 2383 503 2419 θαλλοῦ
529 2384 694 2431 στέφανος
719 2387 775 2429 57,
798 2393 828 2419 5.
852 2385 907 2428 58,
927 2392 957 2419 6.

249 2442 325 2484 117,
354 2448 405 2476 13.
449 2442 525 2485 118,
554 2449 605 2476 15.
647 2443 725 2485 727,
751 2451 780 2476 ’1.
837 2441 958 2485 ἀναγο-

246 2496 403 2542 ρεύεσθαι
427 2498 522 2542 αὐτῷ
546 2497 674 2533 θαλλὸν
699 2498 788 2532 κατὰ
809 2498 867 2532 τὸν
893 2498 958 2532 πά·

244 2566 337 2600 τριον
361 2555 467 2600 νόμον
493 2555 571 2599 737,
592 2563 631 2590 15

199 2610 341 2647 θάλπω·
404 2611 688 2658 κατεφθαρμένην
741 2612 804 2658 τὴν
858 2611 957 2646 πόλιν

246 2667 376 2714 ἔθαλψε
401 2669 639 2714 κηδεμονικῶς
667 2670 743 2713 194,
763 2678 780 2703 5

199 2724 365 2764 θάνατος·
391 2725 428 2764 ὃς
453 2721 481 2759 δ’
497 2725 537 2761 ἂν
561 2725 693 2773 ληφθῇ,
718 2725 828 2772 ἑαυτῷ
849 2725 958 2765 α’ίτιος

247 2783 340 2817 ἔσται
376 2782 430 2817 διὰ
465 2783 503 2818 τὸ
540 2781 781 2823 ἐξακολουθεῖν
811 2782 957 2818 θάνατον

247 2841 325 2883 598,
358 2847 389 2875 ⁷.

247 2897 325 2940 266,
341 2903 380 2931 29

464 2838 530 2879 ἕως
573 2840 664 2886 ζωῆς
706 2840 765 2875 καὶ
808 2840 957 2876 θανάτου

918 133 1069 167 Indices.

743 270 958 318 ἐποιησάμην
1030 270 1185 317 θαρρέω·
1221 270 1301 310 τοὺς
1337 270 1375 306 δὲ
1405 270 1615 318 θαρροῦντας
1644 272 1694 318 μὴ
1730 272 1789 306 ἀν-

1078 327 1220 375 έχεσθαι
1236 328 1368 375 βλάβης
1391 329 1540 373 521,13.
1579 328 1788 376 θαρροῦντας

1078 385 1137 420 οὖν
1169 386 1278 420 οἰκεῖν
1309 385 1368 420 καὶ
1405 383 1594 434 προθύμως
1627 390 1789 433 γεωργεῖν

1076 442 1156 481 τοὺς
1181 442 1384 489 ἀνθρώπους
1408 444 1486 487 669,
1507 451 1546 478 56

1032 499 1220 544 θαυμάζω·
1253 498 1343 535 εἶδον
1367 499 1427 534 καὶ
1451 498 1632 546 ἐθαύμασα
1661 500 1739 544 690,
1758 506 1789 535 2.

1079 557 1159 591 ἰδὼν
1184 555 1367 602 ἐθαύμασα
1390 557 1463 603 (τὴν
1489 556 1639 605 σύριγγα)
1665 557 1743 601 686,
1759 565 1789 592 3.

1079 615 1158 649 689.
1217 614 1397 662 ἱστορήσας
1433 613 1615 660 ἐθαύμασα
1653 615 1731 657 693,
1759 623 1791 651 5.

1076 672 1137 710 τὰς
1162 672 1224 718 μὲν
1255 670 1363 710 ἄλλας
1393 671 1551 719 σύριγγας
1583 671 1662 706 ἰδὼν
1688 670 1790 707 ἐθαύ-
1855 696 1858 700 -

1079 740 1182 775 μασα,
1206 728 1269 773 τὴν
1295 728 1333 763 δὲ
1356 732 1416 763 τοῦ
1432 726 1616 774 Μέμνονος
1638 728 1792 775 εἱστορή-
1853 764 1858 779 ἑ

1078 798 1139 824 σας
1155 785 1423 831 ὑπερεθαύμασα
1439 787 1518 830 694,
1538 794 1568 821 4.
1611 786 1791 832 ἱστορήσας
1854 781 1858 795 ⁵

1076 843 1138 882 τὰς
1162 842 1257 882 θείας
1282 843 1437 890 σύριγγας
1459 842 1641 889 ἐθαύμασα
1663 843 1743 888 720,
1759 851 1789 879 3.
1850 834 1858 870 ἕ

1077 901 1156 944 721,
1177 907 1206 934 3.
1259 900 1357 935 οὐδὲν
1389 900 1427 935 δὲ
1461 899 1643 946 ἐθαύμασα
1673 900 1704 934 εἰ
1740 900 1790 947 μὴ

1077 958 1135 992 τὸν
1158 956 1255 992 λίθον
1279 959 1357 1001 688,
1377 965 1395 992 4

1032 1014 1242 1060 θαυμάσιος·
1291 1015 1374 1060 πρὸς
1412 1015 1470 1050 τὸν
1509 1013 1790 1060 θαυμασιώτατον
1849 1017 1854 1035 ÷

1077 1073 1179 1118 ἡμῶν
1204 1071 1354 1119 ἄρχοντα
1378 1073 1456 1116 504,
1473 1078 1514 1107 12

1033 1129 1113 1164 θέα·
1151 1130 1186 1164 έν
1209 1133 1286 1168 ταῖς
1315 1129 1506 1176 γινομέναις
1534 1128 1630 1168 θέαις
1660 1130 1741 1174 456,
1759 1136 1791 1163 6.

1079 1186 1163 1226 θέας
1179 1185 1320 1233 ἡμερῶν
1336 1186 1436 1221 πέντε
1459 1185 1626 1221 ἐπιτελεῖν
1650 1186 1791 1230 493,50.
1842 1178 1846 1182 ’

1077 1244 1136 1279 καὶ
1159 1242 1243 1282 θέας
1269 1243 1428 1290 ἐτησίους
1443 1242 1503 1278 καὶ
1518 1242 1716 1290 φιλοτιμίας
1733 1243 1792 1288 δα-

1078 1301 1191 1347 ψιλεῖς
1217 1300 1272 1335 διὰ
1297 1300 1371 1347 βίου
1394 1300 1627 1336 καταλιπόντα
1650 1301 1791 1345 529,18.
1840 1292 1842 1295 V

1078 1358 1162 1398 θέας
1194 1358 1321 1393 ἔδωκεν
1355 1358 1433 1403 533,
1452 1365 1483 1392 5.
1511 1365 1564 1393 10.
1585 1365 1636 1392 15.
1662 1364 1716 1392 28.
1735 1364 1790 1392 44.

1082 1424 1135 1450 58.
1153 1423 1194 1450 81
1836 1429 1838 1433 “

1033 1473 1228 1520 θεατρικός·
1263 1472 1326 1518 τὴν
1358 1472 1482 1517 λοιπὴν
1514 1472 1654 1518 ξυλικὴν
1684 1483 1792 1518 παρα·
1836 1467 1845 1491 .·

1080 1531 1203 1576 σκευὴν
1228 1536 1296 1564 τῶν
1321 1527 1510 1576 θεατρικῶν
1535 1530 1614 1574 510,
1634 1536 1650 1562 7
1836 1569 1838 1572 y

1032 1588 1175 1634 θέατρον
1201 1587 1236 1622 ἐν
1252 1584 1410 1633 Ἀθήναις
1435 1587 1514 1631 771,
1533 1594 1562 1620 5.
1603 1586 1639 1621 ἐν
1652 1582 1791 1632 Ἐφέσῳ

1079 1646 1112 1689 9,
1132 1652 1161 1679 3.
1197 1646 1250 1688 10,
1272 1651 1325 1678 10.
1354 1644 1435 1687 480,
1453 1651 1484 1678 9.
1516 1644 1594 1687 510,
1613 1651 1645 1678 4.
1669 1651 1699 1678 9.
1756 1643 1791 1678 ἐν
1836 1663 1854 1693 .³

1075 1699 1168 1747 Ἰλίῳ
1193 1702 1271 1745 212,
1288 1708 1317 1736 3.
1358 1701 1393 1735 ἐν
1419 1699 1629 1746 Πτολεμαΐδι
1643 1704 1706 1747 τῆς
1723 1698 1793 1746 Θη-
1841 1698 1854 1734 :²

1081 1759 1196 1805 βαῑδος
1220 1760 1276 1802 49,
1296 1766 1326 1793 s.
1367 1758 1402 1793 ἐν
1427 1756 1542 1804 Σίφνῳ
1568 1759 1646 1802 730,
1661 1765 1715 1793 20.
1755 1757 1791 1791 ἐν

1080 1816 1175 1862 Τέῳ·
1199 1817 1238 1851 τὸ
1261 1813 1447 1851 Ἀττάλειαν
1470 1815 1509 1849 τὸ
1534 1817 1618 1862 πρὸς
1640 1815 1692 1859 τῷ
1709 1813 1791 1850 θεά-
1834 1803 1849 1835 ⁴}

1077 1886 1147 1920 τρῳ
1173 1874 1251 1916 326,
1270 1879 1312 1907 20
1835 1873 1847 1925 '¹

1033 1931 1128 1969 θεῖος
1146 1930 1315 1973 (divinus)
1327 1929 1485 1974 passim.
1518 1928 1605 1974 μετὰ
1619 1928 1676 1963 τὸν
1694 1927 1790 1963 θεῖον

1078 1987 1248 2023 Πλάτωνα
1273 1987 1350 2029 721,
1371 1995 1400 2020 5.
1439 1985 1500 2024 τὰς
1521 1985 1616 2024 θείας
1633 1985 1790 2032 σύριγγας
1831 1994 1844 2009 ⁴

1079 2045 1157 2088 720,
1176 2051 1206 2078 2.
1262 2043 1352 2077 κατά
1385 2054 1461 2077 τινα
1495 2041 1590 2076 θείαν
1625 2041 1788 2088 βούλησιν

1077 2101 1156 2144 458,
1170 2109 1222 2135 15.
1262 2101 1311 2147 τῷ
1326 2099 1481 2146 ὑμετέρῳ
1500 2102 1578 2143 (τῶν
1597 2097 1788 2145 Σεβαστῶν)
1831 2101 1850 2149 J.

1076 2157 1160 2202 θείῳ
1196 2157 1255 2191 καὶ
1290 2156 1417 2203 αἰωνίῳ
1452 2156 1593 2202 νεύματι
1628 2156 1707 2200 569,
1733 2162 1788 2191 20.
1829 2172 1844 2206 2?

1077 2213 1133 2248 διὰ
1171 2219 1234 2260 τῆς
1273 2213 1367 2252 θείας
1410 2213 1514 2248 αὐτοῦ
1562 2212 1790 2251 δικαιοδοσίας
1824 2207 1826 2209 ’
1849 2207 1855 2266 Ξ

1076 2272 1211 2314 575,12.
1235 2270 1642 2317 θειότατοςαύτοκράτωρ
1652 2271 1786 2314 504,16.
1812 2308 1814 2310 ,

1077 2329 1196 2371 520,9.
1237 2333 1304 2362 τῶν
1329 2327 1513 2363 θειοτάτων
1537 2327 1665 2373 κυρίων
1690 2326 1789 2362 αὐτο·
1811 2334 1823 2375 ᾗ,
1851 2325 1853 2328 ⁴

1075 2385 1252 2432 κρατόρων
1294 2386 1372 2430 515,
1398 2392 1450 2420 10.
1505 2382 1688 2430 Μέμνονος
1725 2386 1787 2418 τοῦ

1075 2441 1255 2476 θειοτάτου
1292 2443 1370 2487 683,
1395 2450 1426 2477 3.
1480 2439 1653 2476 θειότατον
1690 2441 1845 2488 ἔργον

1076 2500 1154 2543 690,
1175 2507 1192 2533 5

1029 2555 1124 2595 θεῖος
1151 2557 1329 2601 (patruus)
1355 2557 1434 2599 331,
1453 2563 1506 2591 33.
1526 2563 1566 2590 39

1030 2612 1185 2660 θειότης·
1223 2612 1317 2652 ὅπως
1354 2613 1432 2658 περὶ
1462 2611 1591 2647 τούτων
1622 2609 1808 2656 ἐκεινὴθη“

1077 2673 1136 2704 σοῦ
1160 2669 1184 2715 ἡ
1210 2669 1346 2716 θειότης
1372 2670 1449 2714 519,
1469 2676 1509 2704 25
1803 2670 1814 2700 ἴ

1031 2726 1138 2772 θέμα·
1164 2726 1221 2761 ἐπὶ
1245 2727 1416 2773 ἀνδριᾶσιν
1439 2726 1500 2760 καὶ
1515 2725 1660 2772 θέμασιν
1683 2736 1787 2760 κατα·
1809 2731 1814 2764 2

1076 2783 1262 2818 λελοιπότα
1290 2783 1349 2818 καὶ
1378 2783 1486 2829 νομὰς
1517 2786 1590 2821 τοῖς
1613 2781 1786 2820 πολείταις
1845 2778 1849 2819 ,ἶ

1078 2842 1156 2884 566,
1175 2848 1228 2875 28.
1285 2840 1411 2886 ἔθηκεν
1448 2839 1486 2873 δὲ
1521 2839 1579 2874 καὶ
1614 2839 1786 2884 δευτερεῖα
1806 2879 1814 2884 Ἴ
1845 2866 1850 2879 ,

1076 2897 1227 2942 θέματα.
1259 2896 1384 2942 ἔθηκεν
1415 2897 1455 2931 δὲ
1482 2896 1540 2931 καὶ
1562 2915 1609 2921 ——
1633 2895 1786 2941 ὁπλομα·
1811 2905 1819 2939 ζ
1842 2886 1848 2942 γ’
