1858 3126
270 129 349 168 116
497 126 586 157 VIII.
623 125 769 167 Imperii
794 125 945 157 Romani
971 124 1177 166 provinciae
1202 123 1403 157 orientales.
1453 125 1483 156 4.
1510 123 1603 156 Asia.
1760 122 1841 165 [486

335 275 355 307 5
383 262 609 305 ἀνθύπατον
630 261 801 316 Ἀσίας3,
835 261 840 317 Ι
873 261 1189 318 σεπτέμουιρουμ
1218 261 1486 316 ἐπουλώνουμ,
1519 260 1530 316 Η
1560 267 1741 318 φρᾶτρεμ
1771 260 1842 316 ἀρ-

381 333 571 387 ουᾶλεμ4,
589 331 830 388 πρεσβευτὴν
855 330 860 388 Ι
884 330 952 373 καὶ
970 330 1279 387 ἀντιστράτηγον
1298 329 1451 372 Πόντου
1475 329 1479 385 Ι
1502 328 1570 372 καὶ
1588 327 1841 382 Βειθυνίαςῦ,

381 400 628 458 πρεσβευτὴν
679 399 738 447 δὶς
780 401 784 456 Ι
820 398 991 454 Ἀσίαςθ,
1040 399 1282 456 πρεσβευτὴν
1329 399 1530 456 Σεβαστοῦ
1574 398 1578 456 Ι
1624 398 1843 455 ἐπαρχείας

313 481 354 514 10
382 469 739 525 ΚαππαδοκικῆςΊ,
771 468 782 526 ΙΙ
818 470 1044 511 ἀνθύπατον
1082 467 1257 525 Κρήτης,
1296 466 1523 525 Κυρήνηςδ,
1557 467 1562 524 Ι
1599 467 1841 524 πρεσβευτὴν

360 600 377 629 3
413 596 693 630 Proconsulatus
718 597 838 630 Asiani
868 599 1015 639 tempus
1045 597 1205 639 primum
1238 595 1424 628 definitum
1455 597 1512 628 est
1541 604 1689 628 nummo
1714 595 1844 637 Perga-

267 665 458 688 menorum
493 655 546 697 (cf.
575 655 813 696 Waddington
847 655 967 688 Fastes
998 654 1061 687 des
1091 664 1196 696 prov.
1229 654 1433 696 AsIatiques
1464 663 1496 685 n.
1516 653 1592 694 444)
1624 662 1707 686 cum
1737 653 1844 685 titulo

268 712 522 758 ΑΥ(το-ι.ράτωρ)
559 711 715 755 ΚΑ(ῖσαρ)
751 712 932 753 Nemeen)
966 711 1220 753 [ΤΡΑΙ]ΑΝΟΟ
1253 709 1495 754 separavi-affl)
1525 709 1708 752 Δ(ακικός).
1753 710 1843 743 Nam

267 768 400 804 Dacici
422 779 553 803 nomen
570 770 742 802 Traianus
769 779 838 803 non
866 770 975 811 gessit
1000 772 1081 802 ante
1106 778 1239 802 annum
1260 772 1323 801 403
1343 778 1377 811 p.
1396 769 1475 801 Chr.
1517 769 1584 802 Sed
1606 777 1691 801 cum
1715 769 1845 810 legatio

268 829 414 870 Syriaca
441 828 523 869 (not.
543 828 596 868 40)
623 828 711 860 item
736 836 828 860 anno
856 829 918 858 403
946 837 1019 859 non
1045 827 1228 869 antiquior
1252 827 1309 868 sit,
1343 826 1406 859 sed
1431 827 1556 868 utIque
1586 825 1846 868 proconsulatu

266 887 370 920 Asiae
395 886 505 928 prior,
530 894 604 918 non
622 886 710 917 satis
727 885 834 927 spatii
851 885 944 917 inter
961 885 1053 917 hanc
1070 886 1105 916 et
1120 885 1352 917 consulatum
1371 883 1592 917 ordinarium
1610 884 1634 925 (4
1646 887 1686 915 05
1704 892 1738 926 p.
1753 883 1844 924 Chr.)

267 944 497 985 relinquitur,
531 943 744 985 praesertim
779 951 862 975 cum
896 951 1010 975 annus
1045 940 1146 986 ⁴⁰3s4
1170 951 1205 984 p.
1229 942 1310 975 Chr.
1343 943 1543 984 occupatus
1576 942 1624 974 sit
1647 941 1846 983 T.Aquillii

267 1001 410 1034 Proculi
445 1000 704 1043 proconsulatu
739 1000 990 1042 (Waddington
1027 1001 1148 1032 Fastes
1178 1009 1211 1032 n.
1233 1002 1324 1041 443);
1362 1000 1458 1032 unde
1482 1000 1683 1033 certissima
1707 999 1847 1032 ratione

268 1059 511 1100 Waddington
536 1058 689 1100 collegit,
721 1058 840 1090 Asiam
867 1067 938 1090 non
964 1059 1045 1090 ante
1070 1067 1203 1090 annum
1232 1055 1334 1101 ⁴06l7
1361 1067 1395 1100 p.
1414 1057 1495 1090 Chr.
1526 1067 1546 1090 a
1571 1057 1751 1096 Quadrato
1786 1056 1847 1089 ad-

270 1117 509 1150 ministratam
535 1124 631 1157 esse;
658 1115 720 1148 sed
745 1118 807 1147 aut
831 1116 868 1147 in
894 1116 990 1148 hunc
1014 1117 1077 1148 aut
1100 1117 1136 1148 in
1162 1115 1319 1157 aliquem
1342 1125 1386 1148 ex
1405 1115 1581 1158 proximis
1605 1115 1708 1148 annis
1724 1114 1849 1147 incidit

272 1174 505 1216 magistratus
523 1173 703 1211 Quadrati.
747 1172 883 1214 Nempe
910 1175 974 1205 406
994 1181 1028 1214 p.
1047 1173 1127 1205 Chr.
1153 1173 1327 1205 tredecim
1353 1181 1528 1205 annorum
1554 1173 1671 1214 spatio
1697 1171 1805 1204 distat
1828 1181 1848 1203 a

274 1233 390 1274 primo
415 1232 494 1264 eius
518 1230 719 1264 consulatu.
769 1231 876 1272 Atqui
903 1230 1041 1262 nullum
1067 1231 1273 1272 exemplum
1299 1231 1447 1263 maioris
1472 1239 1580 1272 quam
1606 1229 1763 1262 sedecim
1789 1237 1850 1262 an-

273 1299 401 1323 norum
427 1289 608 1322 intervalli
631 1289 772 1321 Traiani
803 1290 918 1321 aetate
943 1288 1012 1321 sibi
1037 1291 1168 1321 notum
1200 1296 1278 1321 esse
1309 1287 1441 1321 fatetur
1463 1287 1716 1330 Waddington.
1755 1287 1850 1320 Ultra

273 1356 406 1380 annum
434 1344 559 1391 ⁴⁰9s⁴⁰
586 1355 620 1388 p.
639 1346 719 1378 Chr.
747 1346 856 1387 igitur
878 1346 1006 1388 utique
1031 1355 1105 1378 non
1129 1345 1252 1378 licebit
1276 1345 1504 1379 descendere.
1614 1347 1632 1377 4
1667 1345 1761 1378 Haec
1778 1345 1849 1378 duo

273 1405 474 1438 sacerdotia
498 1413 581 1435 cum
608 1405 644 1436 in
670 1404 852 1445 plerisque
876 1404 1104 1445 Pergamenis
1130 1402 1300 1442 Quadrati
1329 1403 1443 1436 titulis
1467 1404 1554 1435 item
1578 1402 1712 1435 Latinis
1735 1403 1851 1436 nomi·

272 1463 380 1495 nibus
405 1462 582 1503 appellata
607 1460 768 1502 redeunt,
794 1463 873 1493 tum
897 1461 933 1493 in
952 1460 1112 1493 Elaeensi
1138 1461 1221 1503 (not.
1241 1462 1283 1502 4).
1326 1462 1363 1493 In
1388 1461 1477 1494 actis
1501 1461 1653 1493 fratrum
1674 1461 1849 1493 arvalium

273 1520 310 1552 A.
330 1520 443 1552 lulius
479 1519 683 1557 Quadratus
714 1519 816 1551 annis
842 1521 884 1549 72
910 1518 956 1560 (p.
980 1518 1130 1561 XCVIII,
1149 1521 1202 1551 40.
1222 1521 1256 1550 44
1289 1517 1454 1560 Henzen),
1490 1521 1530 1551 78
1558 1518 1603 1560 (p.
1620 1518 1688 1560 CII,
1707 1518 1771 1560 34),
1807 1521 1849 1550 86

274 1578 319 1619 (p.
334 1577 435 1618 CXV,
451 1576 515 1618 54),
542 1579 581 1608 87
611 1575 862 1617 (ρ.(]ΧἮΙ,48.
889 1575 1038 1617 CXVIII,
1049 1578 1103 1607 62.
1129 1575 1248 1617 CXIX,
1260 1577 1314 1607 22.
1336 1577 1386 1607 44.
1412 1575 1593 1617 CXX,60),
1620 1578 1661 1607 89
1678 1583 1713 1617 p.
1724 1574 1804 1607 Chr.
1816 1584 1849 1606 n.

276 1635 407 1676 (CXXI,
426 1636 458 1666 2.
480 1636 510 1666 5.
530 1636 582 1665 44.
602 1634 655 1665 24.
689 1633 825 1675 CXXII,
845 1635 898 1665 28.
919 1635 971 1665 33.
992 1634 1045 1665 38.
1066 1634 1117 1664 44.
1149 1641 1183 1675 p.
1201 1632 1352 1675 CXXIII,
1370 1635 1423 1665 57.
1443 1633 1497 1673 58)
1523 1634 1742 1665 recensetur.
1783 1631 1850 1670 Qui

274 1694 397 1725 utrum
430 1692 489 1724 hic
516 1691 595 1733 ipse
626 1692 721 1723 esset
754 1699 798 1722 an
822 1690 900 1722 eius
925 1691 1038 1732 pater,
1070 1690 1208 1732 pridem
1232 1690 1437 1723 dubitatum
1463 1691 1529 1732 est,
1565 1689 1628 1722 sed
1653 1698 1748 1722 nunc
1772 1690 1850 1731 qui-

274 1751 356 1782 dem
383 1757 508 1782 omnes
533 1749 773 1790 consentiunt,
798 1757 870 1780 non
894 1756 974 1780 esse
999 1757 1063 1779 cur
1088 1757 1172 1780 eum
1197 1747 1243 1780 ab
1268 1748 1328 1780 illo
1353 1748 1417 1789 qui
1445 1749 1572 1790 postea
1600 1755 1693 1780 anno
1719 1755 1852 1779 consu-

273 1808 367 1840 latus
393 1807 566 1839 ordinarii
602 1806 677 1847 (405
703 1815 737 1848 p.
756 1806 848 1847 Chr„
875 1815 908 1838 v.
933 1806 1022 1838 Acta
1046 1805 1085 1837 fr.
1113 1815 1186 1838 arv.
1212 1813 1246 1847 p.
1265 1805 1394 1847 CXLV,
1412 1807 1444 1837 2.
1462 1808 1492 1838 9.
1518 1804 1662 1847 CXLVI,
1681 1807 1734 1837 25.
1759 1804 1800 1847 11,
1819 1805 1849 1836 4.

273 1864 434 1906 CXLVII,
449 1866 503 1896 210.
521 1864 572 1904 32)
591 1872 719 1896 rursus
736 1863 772 1895 in
790 1862 941 1904 collegio
957 1864 1168 1904 compareat
1186 1862 1459 1904 distinguamus.
1492 1861 1540 1894 Cf.
1559 1862 1707 1894 Frankel
1724 1870 1758 1903 p.
1772 1864 1848 1894 299.

273 1923 312 1955 H.
329 1923 467 1955 Dessau
492 1921 804 1963 Prosopographia
829 1921 916 1964 imp.
941 1920 1041 1953 Rom.
1067 1921 1096 1952 11
1122 1929 1155 1962 p.
1174 1923 1238 1953 209
1264 1930 1298 1953 n.
1318 1923 1392 1953 338.
1514 1923 1531 1951 5
1565 1919 1655 1952 Cum
1679 1928 1724 1952 ex
1747 1928 1849 1952 more

273 1980 482 2013 consulatus
514 1981 549 2011 et
581 1979 860 2021 proconsulatus
883 1978 987 2011 Asiae
1017 1979 1118 2010 extra
1143 1978 1305 2011 ordinem
1337 1978 1526 2019 praemissi
1557 1978 1638 2019 sint,
1668 1985 1759 2019 quos
1788 1986 1850 2009 ex-

272 2038 412 2079 cipiunt
437 2036 648 2078 sacerdotia,
674 2037 746 2069 iam
772 2036 817 2069 ab
835 2037 903 2068 hac
918 2035 1096 2078 legatione
1118 2036 1245 2077 incipit
1261 2044 1390 2068 cursus
1407 2035 1586 2067 honorum
1611 2043 1631 2067 a
1648 2033 1851 2067 minoribus

272 2095 317 2127 ad
341 2095 499 2126 maiores
524 2094 732 2126 ascendens.
781 2093 884 2132 Quod
917 2094 1012 2126 nulla
1044 2095 1272 2135 quaesturae,
1305 2092 1496 2125 aedilitatis
1529 2092 1597 2133 (vel
1621 2091 1849 2133 tribunatus),

272 2154 463 2194 praeturae
489 2152 623 2184 mentio
649 2152 697 2194 fit,
729 2152 810 2184 inde
841 2152 976 2193 colligit
1000 2151 1127 2184 Wadd.
1153 2151 1376 2190 Quadratum
1408 2159 1478 2183 non
1514 2151 1650 2192 origine
1680 2151 1850 2183 senatorii

274 2210 411 2242 ordinis
436 2209 556 2250 fuisse,
591 2209 653 2241 sed
678 2209 723 2241 ab
749 2210 967 2251 imperatore
992 2209 1084 2241 inter
1108 2209 1308 2250 praetorios
1339 2208 1507 2240 allectum
1539 2216 1629 2240 esse.
1677 2207 1848 2249 Legatum

274 2267 500 2308 proconsulis
526 2266 682 2307 intellegi
707 2275 777 2299 non
803 2268 858 2299 est
882 2266 983 2308 quod
1008 2265 1136 2298 dicam.
1178 2266 1344 2307 Bithynia
1369 2268 1405 2297 et
1427 2265 1562 2298 Pontus
1586 2265 1679 2297 inter
1703 2265 1850 2307 provin-

273 2325 346 2358 cias
371 2325 569 2357 senatorias
594 2326 694 2356 erant
719 2333 835 2366 usque
860 2324 903 2356 ad
926 2323 1094 2356 Hadriani
1119 2325 1283 2365 aetatem,
1310 2324 1378 2356 etsi
1403 2324 1474 2356 iam
1501 2333 1520 2356 a
1543 2323 1692 2356 Traiano
1715 2323 1852 2355 Plinius

274 2384 391 2416 minor
416 2385 451 2414 et
476 2383 511 2414 C.
536 2383 647 2414 Iulius
673 2383 853 2415 Cornutus
877 2382 1056 2415 Tertullus
1081 2382 1186 2424 legati
1218 2391 1283 2424 pro
1309 2383 1475 2424 praetore
1500 2383 1601 2414 extra
1625 2381 1788 2414 ordinem
1813 2381 1849 2413 in

272 2450 351 2473 eam
377 2440 601 2482 provinciam
629 2441 727 2472 missi
754 2442 865 2472 erant.
907 2440 974 2472 Sed
999 2439 1145 2472 illorum
1171 2442 1334 2481 tempore
1360 2439 1452 2479 (inde
1476 2438 1522 2471 ab
1539 2448 1569 2471 a.
1588 2441 1648 2473 444
1668 2447 1701 2480 p.
1713 2438 1792 2471 Chr.
1803 2447 1848 2479 n.,

273 2498 315 2530 cf.
340 2497 548 2538 Marquardt
571 2497 671 2529 Rom.
696 2497 1037 2538 Staatsverwaltung
1062 2498 1075 2528 Ι
1100 2505 1134 2538 p.
1153 2497 1229 2537 352)
1256 2496 1427 2534 Quadrati
1451 2496 1582 2537 legatio
1607 2495 1721 2528 multo
1749 2495 1849 2537 prior

272 2557 336 2587 est.
449 2557 466 2586 6
499 2554 662 2586 Duorum
682 2553 850 2595 deinceps
867 2554 1126 2596 proconsulum
1144 2554 1248 2586 Asiae
1266 2554 1403 2595 legatus
1429 2553 1504 2585 fuit.
1535 2552 1589 2584 W.
1696 2555 1714 2584 7
1741 2552 1848 2593 Lega-

273 2613 406 2644 tionem
434 2610 679 2653 Cappadociae
711 2613 791 2643 ante
823 2612 1051 2644 consulatum
1086 2612 1243 2653 priorem
1270 2611 1322 2651 (93
1350 2619 1383 2652 p.
1409 2609 1501 2650 Chr.)
1532 2619 1551 2642 a
1577 2609 1758 2647 Quadrato
1788 2618 1848 2642 su-

273 2671 433 2711 sceptam
458 2677 536 2701 esse
555 2668 679 2700 Wadd.
706 2668 848 2710 collegit
873 2678 915 2700 ex
941 2669 1046 2701 titulo
1071 2668 1213 2700 Tloensi
1236 2668 1374 2710 Lyciae.
1416 2666 1485 2705 Qui
1508 2675 1592 2698 cum
1619 2675 1701 2709 non,
1726 2669 1767 2699 ut
1790 2667 1848 2699 hic

273 2730 308 2759 et
341 2727 503 2769 plerique
536 2725 607 2767 alii,
639 2725 847 2758 consulatus
879 2727 1096 2758 mentionem
1129 2725 1277 2767 reliquis
1307 2723 1508 2757 honoribus
1544 2726 1643 2757 extra
1683 2724 1846 2757 ordinem

274 2785 494 2827 praemittat,
520 2782 723 2815 necessario
750 2783 965 2815 sumendum
993 2785 1047 2815 est
1071 2784 1133 2815 aut
1154 2791 1236 2814 eum
1256 2784 1343 2823 tum,
1369 2790 1452 2814 cum
1478 2783 1753 2814 monumentum
1778 2781 1847 2813 eri-

273 2844 429 2883 geretur,
455 2840 615 2874 nondum
642 2840 827 2872 consulem
852 2840 973 2880 fuisse,
999 2842 1061 2871 aut
1086 2839 1316 2872 consulatum
1341 2839 1376 2870 in
1402 2838 1568 2871 inferiore
1593 2838 1721 2880 lapidis
1745 2839 1847 2880 parte

276 2900 336 2941 qui
362 2899 467 2940 periit
492 2898 708 2931 recensitum
735 2897 854 2930 fuisse.
895 2897 968 2929 lam
994 2905 1078 2931 cum
1096 2897 1201 2931 finem
1222 2896 1427 2943 superstitis
1452 2897 1564 2939 partis
1586 2895 1691 2929 faciat
1715 2895 1844 2937 legatio
