1858 3126
249 144 303 185 90
485 143 574 175 VIII.
612 143 759 185 Imperii
784 143 934 175 Romani
958 144 1167 185 provinciae
1192 144 1394 177 orientales.
1444 147 1475 177 4.
1499 145 1593 178 Asia.
1707 145 1832 187 [484-

317 292 337 325 5
364 279 578 337 Τιβ(έριος)
600 278 805 327 Κλαύδιος
827 279 1075 323 Σεκούνδου3
1097 278 1534 338 ἀπελεύθεροςεΕρμῆς
1559 280 1571 338 Η
1599 278 1830 338 σὺνἙρμίᾳ

363 350 439 405 υἱῷ
475 348 517 391 τὸ
558 349 788 406 σύνπλεγμα
823 352 893 391 τοῦ
925 346 1205 405 Ἀθάμαντος4
1241 349 1246 406 Ι
1283 348 1352 392 σὺν
1388 355 1438 406 τῇ
1478 348 1595 407 βάσει
1633 350 1830 407 ἀνέθηκεν

363 417 429 460 ἐπὶ
451 417 684 460 ἀνθυπάτου
709 418 712 474 Ι
733 417 958 475 Οὐαλερίου
972 415 1197 461 Ἀσιατικοῦ
1209 421 1237 472 ⁵,
1254 418 1601 475 γραμματεῦοντος
1615 417 1830 476 Τιβᾲερίου)

361 486 596 543 Κλ(αυὸίου)
627 486 865 536 Καπίτωνος
891 485 1162 544 Ἀντιπάτρου.

339 648 356 677 3
389 645 576 678 Libertum
602 645 746 688 patroni
771 646 996 687 cognomine,
1022 654 1094 678 non
1119 645 1354 687 praenomine
1379 644 1531 679 indicari
1554 644 1742 679 insolitum
1765 646 1832 687 est,

245 704 281 735 et
305 712 348 735 ex
373 703 517 736 duobus
542 702 763 745 hominibus,
789 703 853 745 qui
874 703 946 736 duo
963 702 1069 745 plane
1093 703 1236 745 gemina
1262 711 1374 745 opera
1394 702 1651 746 dedicaverint,
1676 703 1831 736 alterum

246 759 471 802 Epagathum
497 761 583 802 (not.
603 761 633 802 4)
659 760 822 803 Augusti,
855 760 1008 793 alterum
1034 760 1203 793 Hermem
1234 761 1367 803 privati
1391 760 1549 794 hominis
1573 768 1654 794 esse
1676 761 1831 803 mireris,

244 819 330 860 quia
355 818 452 851 haud
477 818 649 860 exiguum
673 818 857 860 dignitatis
882 818 1077 851 discrimen
1103 819 1197 851 inter
1221 818 1310 851 haec
1334 818 1407 852 duo
1425 818 1678 852 libertinorum
1702 826 1832 860 genera

243 875 501 908 intercedebat.
550 876 684 908 Tamen
710 872 901 908 Σεκούνδου
927 884 1049 908 errore
1073 884 1140 918 pro
1167 872 1339 919 Σεβαστοῦ
1364 877 1552 909 exaratum
1577 883 1656 908 esse
1680 875 1832 918 propter

244 934 463 965 concentum
490 933 680 965 titulorum
706 933 832 965 Graeci
856 933 892 964 et
917 933 1032 965 Latini
1066 933 1214 966 omnino
1245 933 1456 966 incredibile
1486 934 1553 966 est.
1671 933 1690 965 4
1722 932 1831 964 Atha-

244 991 375 1023 mantis
388 991 546 1023 statuam
563 990 736 1022 aheneam
751 990 796 1022 ab
813 989 1021 1023 Aristonida
1037 990 1239 1023 confectam
1256 991 1522 1024 commemorat
1537 990 1672 1023 Plinius
1689 988 1730 1022 N.
1747 989 1830 1022 hist.

243 1047 401 1090 XXXIV,
422 1050 506 1080 ⁴40:
538 1045 774 1081 Aristonidas
797 1045 932 1090 artifex
958 1057 1042 1081 cum
1066 1046 1265 1091 exprimere
1288 1046 1386 1081 vellet
1408 1045 1648 1082 Athamantis
1667 1044 1831 1090 furorem

243 1102 402 1139 Learcho
426 1103 504 1147 filio
524 1102 766 1148 praecipitato
790 1103 1005 1139 residentem
1023 1103 1264 1148 paenitentia,
1295 1115 1357 1140 aes
1388 1104 1597 1149 ferrumque
1619 1102 1771 1138 miscuit
1790 1105 1832 1138 ut

243 1161 407 1206 robigine
423 1160 503 1196 eius
522 1172 590 1206 per
604 1160 760 1195 nitorem
776 1160 875 1196 aeris
890 1161 1065 1197 relucente
1080 1161 1341 1207 exprimeretur
1355 1161 1590 1198 verecundiae
1610 1161 1723 1197 rubor
1739 1187 1747 1194 .
1763 1159 1830 1195 hoe

244 1219 394 1264 siynum
417 1221 529 1254 exstat
551 1218 656 1253 hodie
679 1218 808 1253 Rhodi.
857 1220 906 1253 Cf.
933 1220 972 1253 H.
992 1221 1114 1254 Brunn
1147 1221 1273 1255 Gesch.
1300 1221 1364 1254 der
1389 1230 1439 1264 gr.
1465 1221 1637 1254 Kiinstler
1659 1220 1675 1252 Ι
1698 1228 1733 1262 p.
1752 1221 1829 1252 465.

244 1277 348 1316 Quod
372 1278 545 1320 quoniam
571 1277 711 1310 nullum
734 1286 891 1320 usquam
924 1278 1020 1311 aliud
1048 1287 1141 1321 opus
1173 1279 1367 1312 statuariae
1401 1278 1489 1312 artis
1513 1277 1613 1321 quod
1643 1277 1746 1310 illum
1770 1285 1829 1309 re-

245 1336 531 1377 praesentaverit
563 1336 845 1368 commemorari
871 1336 1025 1379 videtur,
1059 1337 1218 1369 conicias
1248 1337 1392 1379 signum
1425 1336 1470 1370 ab
1501 1336 1633 1369 Herma
1661 1334 1829 1368 libertino

244 1394 374 1436 Ephesi
407 1395 661 1426 consecratum
693 1393 737 1425 ad
770 1393 866 1426 illius
898 1393 1118 1427 nobilissimi
1156 1395 1276 1437 operis
1310 1393 1584 1427 similitudinem
1616 1400 1828 1435 expressum

243 1451 369 1492 iuisse;
397 1453 432 1484 at
457 1451 542 1483 huic
568 1451 730 1493 opinioni
756 1450 877 1483 obstat
901 1460 1033 1484 nomen
1060 1450 1273 1497 σύμπλεγμα,
1299 1452 1399 1494 quod
1422 1451 1570 1494 proprie
1593 1449 1740 1494 quidem
1765 1458 1831 1492 par

242 1510 462 1541 luctatorum
488 1517 507 1540 a
532 1508 716 1550 sculptore
741 1507 901 1540 effictum
926 1508 1112 1549 significat.
1161 1508 1209 1541 Cf.
1237 1509 1372 1542 Plinius
1388 1508 1467 1542 Nat.
1485 1509 1569 1541 hist.
1585 1506 1745 1550 XXXVI,
1768 1507 1828 1539 2¹0:

243 1563 441 1598 Praoeitelis
470 1563 574 1607 fillius
603 1563 856 1608 Cephisodotus
884 1567 916 1598 et
945 1563 1038 1598 artis
1071 1565 1171 1599 heres
1194 1564 1293 1609 fuit.
1310 1564 1416 1599 cuim
1449 1564 1640 1600 laudatum
1670 1566 1721 1598 eat
1742 1561 1830 1597 Per-

240 1622 347 1667 yami
375 1621 598 1667 sympleyma
626 1620 744 1655 nobile
781 1620 907 1666 diyitis
940 1621 1088 1666 corpori
1115 1621 1236 1656 verius
1272 1632 1384 1666 quam
1413 1620 1599 1657 mammeri
1627 1619 1828 1665 impressis.

243 1682 263 1721 ξ
283 1683 340 1713 35;
371 1678 481 1714 Parca
509 1682 540 1713 et
567 1677 760 1723 Olympum
791 1679 966 1713 luctantes
995 1679 1116 1714 eodem
1154 1678 1227 1714 loeo
1258 1680 1362 1722 (fecit)
1397 1677 1623 1722 Heliodorus,
1660 1677 1754 1723 quod
1781 1680 1832 1712 est

243 1737 398 1771 alterum
421 1736 466 1771 in
489 1735 596 1771 terris
619 1736 842 1781 symplegma
865 1735 992 1770 nobile.
1042 1737 1106 1770 Hic
1130 1738 1257 1780 utique
1287 1738 1409 1780 paullo
1440 1738 1567 1771 latiore
1590 1737 1628 1770 vi
1652 1736 1830 1779 accipien-

244 1796 331 1828 dum
357 1798 422 1838 est,
447 1796 620 1838 quoniam
646 1795 690 1827 de
714 1795 909 1828 luctatione
937 1795 1086 1837 quidem
1111 1796 1198 1828 nihil
1224 1797 1279 1829 est
1303 1796 1339 1828 in
1361 1795 1588 1828 Athamantis
1612 1793 1741 1836 fabula,
1765 1793 1830 1826 sed

243 1854 369 1895 utique
394 1853 438 1885 de
463 1853 677 1894 gravissima
703 1853 932 1886 contentione
947 1853 1042 1885 inter
1058 1852 1150 1886 duos
1167 1853 1333 1886 homines
1350 1853 1582 1895 cogitandum
1606 1853 1671 1885 est.
1712 1850 1830 1890 Quare

243 1920 314 1943 non
340 1919 504 1943 maerens
522 1912 679 1943 mortem
697 1910 857 1953 Lem-chi,
883 1910 947 1943 sed
973 1910 1060 1943 dum
1086 1910 1209 1943 furore
1234 1911 1412 1943 acerrimo
1438 1911 1629 1952 correptus
1652 1912 1690 1942 in
1713 1908 1826 1942 filium

242 1969 346 2000 irruit
373 1969 663 2010 repraesentatus
688 1968 800 2001 fuisse
824 1968 980 2000 videtur.
1099 1972 1117 2000 5
1150 1968 1319 2010 Diploma
1341 1968 1496 2001 militare
1511 1967 1638 2001 datum
1655 1966 1690 2000 d.
1708 1969 1762 1999 43.
1779 1975 1828 1999 m.

241 2026 304 2057 lul.
332 2035 362 2058 a.
389 2028 430 2057 93
457 2035 490 2067 p.
514 2026 594 2058 Chr.
627 2035 659 2058 n.
686 2025 721 2057 C.
746 2026 770 2058 1.
795 2026 867 2058 Lat.
895 2025 939 2057 111
966 2035 999 2068 p.
1026 2029 1090 2058 859
1117 2035 1150 2058 n.
1175 2025 1257 2058 XVI
1289 2026 1381 2058 hanc
1412 2026 1495 2058 anni
1528 2023 1826 2067 significationem

195 2102 199 2108 -
241 2083 366 2115 habet:
402 2080 451 2115 Μ.
475 2080 590 2115 Lollio
613 2080 786 2116 Paullino
816 2080 961 2116 Valerio
989 2081 1154 2117 Asiatico
1179 2080 1384 2116 Satmnim
1413 2080 1449 2116 O.
1475 2080 1587 2116 Antio
1610 2078 1705 2115 Iulio
1731 2078 1828 2122 Qua-

239 2139 342 2173 drato
368 2140 411 2180 (n.
431 2142 507 2181 486,
528 2139 557 2180 4)
584 2149 651 2172 eos.
702 2141 751 2172 De
776 2141 927 2182 reliquis
953 2140 1086 2173 Valerii
1112 2140 1259 2173 Asiatici
1283 2139 1486 2173 honoribus
1516 2138 1559 2172 cf.
1584 2139 1827 2180 Prosopogra-

241 2197 326 2238 phia
354 2197 442 2238 imp.
464 2197 566 2229 Rom.
596 2197 626 2228 11
651 2205 684 2238 p.
704 2199 769 2229 296
808 2207 841 2229 n.
862 2200 937 2229 233.
988 2198 1290 2231 Proconsulatum
1321 2197 1426 2229 Asiae
1463 2205 1557 2229 anno
1591 2198 1657 2228 402
1686 2204 1720 2238 p.
1745 2195 1826 2227 Chr.

242 2255 481 2296 posteriorem
507 2263 587 2286 esse
613 2254 862 2287 demonstrant
886 2264 927 2288 ea
952 2265 1045 2297 quae
1071 2257 1145 2288 not.
1166 2258 1178 2287 4
1218 2257 1254 2287 et
1278 2255 1322 2287 de
1347 2254 1536 2287 intervallo
1569 2253 1745 2295 temporis
1769 2261 1826 2286 so-

240 2313 334 2344 lenni
364 2313 399 2344 et
430 2312 474 2344 de
499 2312 640 2344 Traiani
671 2312 902 2353 imperatoris
937 2313 1150 2345 nominibus
1183 2313 1349 2355 exposita
1379 2314 1474 2345 sunt.
1522 2312 1613 2344 Cum
1637 2310 1674 2343 C.
1698 2310 1826 2343 Antius

239 2369 351 2401 Iulius
375 2369 590 2410 Quadratus,
616 2370 678 2410 qui
703 2370 782 2401 eius
808 2371 844 2402 in
870 2371 991 2411 priore
1010 2371 1204 2403 consulatu
1221 2370 1358 2411 collega
1381 2369 1507 2412 fuerat,
1532 2368 1655 2402 Asiam
1679 2367 1826 2410 provin-

239 2427 334 2459 ciam
365 2426 516 2459 sortitus
545 2434 625 2458 esse
657 2427 825 2459 videatur
856 2429 938 2468 post
976 2428 1098 2469 ipsum
1138 2428 1339 2460 secundum
1369 2427 1598 2460 consulatum
1635 2433 1728 2458 auno
1759 2427 1824 2457 406
1855 2467 1858 2471 4

241 2493 274 2527 p.
294 2485 375 2516 Chr.
394 2493 427 2516 n.
454 2483 707 2525 (Waddington
732 2485 852 2517 Fastes
879 2494 935 2526 ap.
954 2485 1067 2518 Lebas
1084 2487 1192 2518 Inscr.
1211 2486 1257 2517 111
1283 2485 1383 2527 Expl.
1409 2494 1444 2527 p.
1463 2486 1499 2517 ’14
1510 2483 1551 2526 k),
1576 2483 1710 2516 Valerii
1725 2483 1826 2523 Asia-

240 2543 303 2574 tici
327 2541 680 2574 administrationem
705 2542 868 2574 eiusdem
893 2543 1102 2583 provinciae
1133 2544 1195 2575 uni
1221 2551 1266 2575 ex
1290 2542 1456 2584 proxime
1488 2539 1739 2583 superioribus
1763 2541 1825 2572 aut

240 2600 407 2642 proxime
424 2598 700 2640 insequentibus
717 2599 819 2631 annis
837 2598 1067 2632 tribuendam
1086 2608 1166 2633 esse
1183 2601 1342 2641 apparet.
1377 2599 1505 2640 Utique
1522 2597 1621 2639 quod
1633 2597 1673 2630 H.
1687 2597 1825 2629 Dessau

238 2656 548 2699 Prosopograpiae
572 2656 592 2688 l.
612 2656 634 2688 l.
659 2656 804 2697 negavit
828 2657 906 2688 eius
931 2658 1185 2698 magistratum
1211 2665 1330 2698 usque
1354 2655 1400 2688 ad
1423 2663 1558 2688 annum
1579 2657 1638 2687 424
1669 2655 1733 2687 aut
1756 2655 1823 2685 422

239 2714 383 2748 detrudi
407 2714 526 2755 licere,
552 2713 614 2746 sed
639 2714 675 2745 in
695 2713 835 2746 Traiani
860 2715 1105 2756 principatum
1131 2713 1301 2755 incidere,
1327 2713 1364 2745 id
1389 2713 1460 2745 hoc
1484 2711 1590 2745 titulo
1615 2710 1824 2744 luculentis-

240 2773 331 2805 sime
361 2771 605 2805 confirmatur.
662 2772 796 2803 Iterum
827 2771 953 2803 consul
986 2771 1053 2803 fuit
1088 2780 1182 2804 anno
1216 2772 1281 2803 425
1316 2778 1349 2812 p.
1377 2769 1458 2802 Chr.
1497 2769 1702 2802 ordinarius
1737 2775 1823 2800 cum

240 2831 276 2862 L.
294 2830 421 2872 Epidio
447 2829 539 2862 Titio
564 2828 744 2870 Aquilino.
