1858 3126
72 129 153 173 764]
431 129 602 162 Eumenis
626 129 656 161 11
681 129 836 171 epistula
860 128 906 162 ad
930 137 1124 162 commune
1149 129 1287 162 Ionum.
1565 130 1649 171 509

186 282 250 315 τες
281 264 288 324 Ι
324 265 395 323 τὴν
431 267 651 322 πανήγυριν
688 265 892 323 ἐψήφισθε
930 264 1001 321 τὴν
1041 265 1158 322 τιμὴν
1195 266 1304 321 ἡμῖν,
1345 267 1348 322 Ι
1387 269 1459 322 τῆς
1494 266 1647 313 πόλεως

188 337 310 392 μόνης
339 338 416 377 τῶν
444 331 586 376 Ἰάδων
619 335 739 392 μέχρι
762 337 832 376 τοῦ
865 333 870 390 Ι
902 335 1096 390 παρόντος
1116 335 1278 390 τέμενος
1299 334 1651 391 ἀνοιδεὸειχοίοις49

114 416 158 448 65
182 405 278 461 ἡμῖν
307 403 320 461 ΙΙ
348 403 418 446 καὶ
449 407 658 461 συγγενοῦς
688 404 924 461 κρινομένης
956 402 1023 445 διὰ
1057 402 1364 459 Κυζικηνοόςῦθ,
1398 403 1403 460 Ι
1435 403 1574 451 ἔνδοξα
1605 403 1649 446 δὲ

182 470 314 515 πολλὰ
344 471 413 515 καὶ
443 472 535 520 ἄξια
571 475 728 529 μνήμης
759 472 857 529 ὑπὲρ
887 475 964 514 τῶν
999 473 1004 529 Ι
1034 469 1176 514 Ἰώνων
1208 473 1472 530 πεπραχυίας,
1505 474 1651 515 οἰκειο-

133 530 143 534 ”
183 540 306 598 τάτην
351 542 586 598 ἐλογιζόμην
626 543 631 597 Ι
670 542 741 598 τὴν
778 540 972 584 ἀνάθεσιν
1016 540 1184 583 ἔσεσθαι
1220 543 1261 584 ἐν
1299 542 1460 596 ταύτηι.
1507 539 1558 583 τὰ
1605 541 1648 583 δὲ

114 621 157 654 70
184 607 289 653 κατὰ
322 610 328 666 Ι
361 611 480 668 μέρος
517 610 614 667 ὑπὲρ
650 614 721 666 τῆς
757 612 857 666 ἐμῆς
894 610 1050 657 εὐνοίας
1086 614 1219 666 κοινῆι
1253 627 1296 652 τε
1326 611 1337 656 ,ἱ
1367 609 1463 666 πρὸς
1499 609 1649 658 πάντας

185 679 288 735 ὑμᾶς
316 679 386 722 καὶ
413 677 507 722 καθ’
534 677 709 735 ἑκάστην
739 681 853 722 πόλιν
887 681 892 734 Ι
926 680 1143 735 ἀκηκοότες
1182 680 1219 721 οἱ
1249 678 1488 736 πρεσβευταὶ
1518 680 1651 735 δηλώ-

184 764 318 791 σουσιν
350 748 355 805 Ι
389 748 497 804 ὑμῖν.
529 747 722 805 ἔρρωσθε.

0 870 7 882 ⁵
68 881 193 915 haberi
218 881 376 915 deberet.
423 882 468 914 At
492 882 527 914 id
554 890 625 914 non
649 882 744 923 licet,
775 882 860 924 quia
886 881 1075 914 manifesto
1106 890 1125 914 a
1151 881 1272 914 verbis
1303 879 1515 926 οἰκειοτάτην
1541 880 1648 927 ἐλογι-

0 976 7 980 „
68 937 176 984 ζύμην
201 948 236 972 v.
254 942 296 972 66
321 939 447 982 incipit
471 939 653 981 apodosis.
702 939 808 977 Quod
833 941 958 972 contra
982 939 1190 971 coniunctio
1224 938 1434 980 temporalis
1459 935 1525 980 ὅτε,
1556 948 1649 981 quae

67 996 164 1030 haud
185 1005 268 1030 raro
286 997 466 1030 causalem
485 997 684 1039 particulae
710 994 828 1040 ἐπειδή
852 997 927 1029 vim
946 996 1064 1038 habet,
1082 998 1123 1028 ut
1140 997 1262 1029 Latine
1278 991 1444 1038 ‘quando'
1462 1005 1528 1038 pro
1545 993 1649 1038 ‘quo-

65 1049 173 1087 niam’
185 1056 395 1097 usurpatur,
409 1055 596 1097 aptissime
607 1063 692 1087 cum
710 1052 881 1098 ἐψήφισθε
901 1054 1150 1095 coniungitur:
1175 1049 1334 1086 ‘Etenim
1351 1053 1644 1095 quandoquidem

66 1112 103 1144 ln
127 1112 196 1145 hac
225 1112 315 1144 urbe
340 1121 406 1154 per
438 1112 542 1145 ferias
567 1112 773 1153 congregati
798 1111 887 1144 mihi
911 1112 1067 1144 honores
1098 1111 1321 1152 decrevistis,
1346 1128 1392 1134 —
1417 1111 1647 1153 aptissimum

66 1170 271 1203 existimavi
296 1169 347 1202 ibi
365 1171 522 1202 statuam
539 1165 734 1202 collocari’.
845 1171 887 1201 49
919 1169 1101 1210 Participii
1127 1168 1275 1210 perfecti
1300 1169 1409 1201 activi
1434 1168 1646 1201 femininum

67 1228 214 1269 praeter
236 1226 391 1260 formam
420 1227 456 1258 in
486 1229 562 1260 -υῖα
591 1226 792 1266 cadentem,
822 1235 930 1267 quam
957 1235 1068 1258 unam
1102 1227 1283 1258 noverunt
1312 1226 1549 1267 grammatici,
1580 1225 1648 1258 fre-

68 1285 221 1326 quenter
249 1283 361 1316 altera
389 1284 506 1316 utitur
534 1284 640 1316 cuius
671 1284 876 1315 terminatio
909 1285 1078 1333 estx-etrz.
1126 1283 1175 1316 Cf.
1201 1283 1650 1326 Meisterhans-Schwyzer

69 1340 293 1374 Grammatik
316 1341 382 1374 der
404 1342 466 1374 att.
492 1340 646 1374 Inschr.³
669 1349 703 1383 p.
721 1343 786 1372 468
813 1343 885 1373 not.
905 1342 1004 1373 4440.
1047 1341 1083 1373 Ε.
1101 1341 1304 1373 Schweizer
1333 1340 1556 1374 Grammatik
1584 1341 1649 1374 der

67 1406 228 1441 pergam.
244 1398 379 1432 Inschr.
405 1407 440 1440 p.
459 1401 523 1431 ⁴92
548 1398 568 1438 ξ
586 1401 639 1431 72.
681 1398 799 1431 Tertia
823 1398 882 1431 hic
901 1399 1063 1430 occurrit
1087 1399 1271 1441 ceteroqui
1289 1398 1458 1441 inaudita,
1484 1399 1520 1431 in
1536 1407 1646 1441 quam

67 1455 165 1489 haud
189 1456 266 1489 scio
292 1465 337 1489 an
362 1456 496 1489 vocalis
521 1467 539 1488 ο
564 1456 749 1498 irrepserit
773 1465 817 1488 ex
843 1456 1042 1488 masculino
1067 1457 1104 1488 et
1127 1457 1268 1489 neutro.
1397 1458 1439 1487 50
1471 1456 1648 1499 Cyzicena

68 1514 146 1546 erat
170 1513 341 1546 Eumenis
365 1514 481 1546 mater
502 1513 699 1555 Apollonis.
747 1512 796 1546 Cf.
822 1513 948 1554 Polyb.
966 1513 1076 1555 XXll,
1094 1515 1148 1555 20,
1170 1516 1181 1544 4
1220 1512 1271 1546 ὅτι
1293 1508 1497 1550 Ἀπολλωνὶς
1521 1509 1647 1554 (Ἀπολ-

66 1568 202 1612 λωνιὰς)
234 1569 258 1614 ἡ
281 1566 437 1604 Ἀττάλου
466 1572 527 1603 τοῦ
558 1570 684 1615 πατρὸς
708 1566 883 1615 Εὐμένους
912 1572 974 1603 τοῦ
1008 1568 1173 1614 βασιλέως
1202 1569 1347 1615 γαμετή,
1382 1566 1561 1615 Κυζικηνὴ
1592 1568 1648 1615 ῆν.

67 1627 196 1662 Strabo
218 1628 311 1670 Xlll,
329 1630 360 1670 4,
377 1631 397 1660 2
422 1637 456 1670 p.
476 1629 540 1660 624
564 1626 726 1661 ’κατέλιπε
750 1625 788 1660 δὲ
813 1628 964 1668 (Attalus
989 1629 1013 1669 1)
1038 1627 1198 1672 τέτταρας
1222 1626 1317 1665 υἱοὺς
1340 1625 1376 1666 ἐξ
1391 1623 1647 1671 Ἀπολλωνίδος,

8 1682 23 1706 7
68 1682 267 1730 Κυζικηνῆς
297 1684 467 1730 γυναικός.
509 1685 685 1718 Plutarch.
711 1685 755 1718 de
779 1685 937 1718 fraterno
963 1694 1087 1718 amore
1114 1688 1132 1718 5
1158 1694 1193 1727 p.
1214 1687 1276 1717 480
1296 1685 1321 1718 C
1350 1681 1579 1718 Ἀπολλωνίδα
1600 1703 1647 1710 -

2 1756 5 1757 ’
68 1741 131 1787 τὴν
157 1739 366 1787 Κυζικηνήν,
390 1739 566 1786 Εὐμένους
597 1741 635 1776 δὲ
657 1744 717 1775 τοῦ
748 1741 912 1787 βασιλέως
938 1741 1069 1787 μητέρα
1093 1742 1151 1775 καὶ
1181 1746 1282 1787 τριῶν
1307 1739 1432 1775 amure-
1473 1743 1644 1784 Cyzicum

1 1800 16 1823 h

0 1821 38 1958 ξ’

68 1807 157 1832 vero
189 1808 210 1832 a
234 1799 380 1832 Milesiis
411 1799 594 1832 conditam
625 1808 705 1833 esse
736 1802 881 1832 constat
918 1800 1125 1833 testimonio
1157 1800 1385 1832 Anaximenis
1413 1800 1647 1842 Lampsaceni

69 1856 167 1899 apud
195 1856 409 1890 Strabonem
437 1856 530 1899 X1v,
554 1859 586 1900 4,
612 1860 631 1889 6
660 1866 697 1899 p.
720 1861 785 1890 635
809 1858 886 1890 Cas.
940 1857 989 1890 Cf.
1022 1858 1130 1890 etlam
1162 1857 1248 1889 Plin.
1283 1856 1362 1890 Nat.
1387 1858 1470 1889 hist.
1494 1857 1534 1899 V,
1560 1859 1644 1890 ⁴⁴2:

66 1911 166 1947 ultra
187 1911 314 1947 &nacla
335 1923 447 1957 quam
468 1911 670 1947 continenti
690 1912 814 1948 iwnm't
829 1911 1040 1955 Alexander,
1065 1912 1109 1947 in
1132 1923 1204 1957 qua
1225 1912 1400 1958 oppedum
1415 1911 1646 1948 Miles-domm

0 2014 8 2026 ι’
19 2022 22 2024 v

6 2030 14 2045 ‚s

158 2139 247 2183 764
286 2143 575 2195 Fragmentum
604 2145 765 2184 tabulae
784 2146 1001 2184 marmoris
1032 2145 1111 2184 albi
1141 2146 1183 2184 in
1213 2146 1347 2197 aliquo
1373 2157 1425 2185 ex
1445 2146 1647 2185 conclavi-

15 2256 18 2258 ,
69 2211 147 2251 hus
177 2223 280 2263 quae
310 2216 405 2251 sunt
433 2213 485 2251 ad
506 2214 859 2265 septentrionalem
878 2217 1039 2266 partem
1064 2215 1248 2267 planiciei
1270 2215 1425 2253 mediae
1444 2215 1646 2266 gymnasii

70 2281 111 2319 in
147 2280 250 2319 urbe
284 2281 494 2332 Pergamo.
552 2283 691 2335 Margo
730 2295 812 2322 non
847 2286 982 2323 exstat
1016 2284 1093 2323 nisi
1131 2295 1155 2322 a.
1191 2286 1309 2335 parte
1345 2283 1519 2322 sinistra.
1570 2283 1642 2322 Ed.

0 2340 3 2356 ⁸
71 2349 137 2388 Br.
160 2347 397 2399 Schroeder,
440 2349 566 2388 Mitth.
599 2350 670 2390 des
700 2352 737 2390 d.
770 2351 880 2391 arch.
914 2352 1095 2391 Instituts
1129 2353 1170 2390 in
1207 2351 1339 2390 Athen
1368 2351 1496 2390 XXIX
1534 2351 1642 2390 4940

17 2422 21 2442 ῑ
70 2429 111 2470 p.
138 2417 216 2456 ⁴52
248 2429 287 2456 n.
313 2418 349 2455 4.

0 2705 9 2802 Ι

165 2547 317 2580 Litterae
341 2540 580 2581 ᾹΔΘᾸΞΠΣ.
628 2547 810 2581 Elementa
840 2550 995 2583 rotunda
1019 2551 1122 2583 ΘΟΩ
1151 2550 1260 2583 modo
1285 2551 1410 2583 eadem
1442 2559 1483 2582 ac
1506 2550 1645 2592 reliqua

74 2604 318 2644 magnitudine
342 2605 464 2646 incisa,
490 2604 598 2636 modo
622 2604 806 2646 aliquanto
825 2607 974 2639 minora.
1014 2607 1204 2639 Extremae
1227 2608 1351 2639 hastae
1374 2607 1514 2639 lineolis
1531 2608 1646 2639 trans-

74 2661 190 2693 versis
212 2663 370 2694 ornatae.
418 2662 508 2694 Cum
534 2661 590 2693 vel
620 2661 703 2702 illic,
736 2662 800 2694 uhi
832 2663 1049 2695 latissimum
1074 2666 1130 2696 est
1157 2664 1408 2705 fragmentum,
1436 2663 1509 2695 fere
1538 2664 1645 2695 tertia

75 2716 250 2759 cuiusque
274 2727 401 2752 versus
426 2727 510 2761 pars
534 2718 767 2760 interciderit,
790 2719 973 2761 plerisque
998 2721 1088 2753 locis
1112 2730 1200 2753 vero
1225 2721 1333 2753 etiam
1359 2721 1487 2761 maior,
1518 2721 1647 2761 sponte

77 2773 175 2814 patet
208 2773 285 2807 fieri
324 2784 396 2808 non
437 2777 613 2818 potuisse,
656 2777 698 2808 ut
733 2776 855 2808 omnia
889 2777 924 2808 in
967 2778 1146 2818 integrum
1189 2778 1473 2809 restituerentur.
1528 2777 1645 2815 Quare

76 2829 330 2873 Schroederus,
354 2833 498 2866 adiutus
523 2834 581 2866 hic
605 2833 678 2865 illic
702 2833 748 2865 ab
773 2833 917 2875 Hillero,
943 2834 1030 2866 satis
1055 2833 1182 2866 habuit
1204 2843 1245 2866 ea
1263 2833 1440 2874 refecisse,
1464 2842 1557 2875 quae
1581 2834 1646 2866 ali·

78 2893 185 2927 quam
211 2889 287 2920 veri
319 2891 474 2931 speciem
508 2891 691 2932 haberent,
729 2899 844 2932 neque
876 2891 913 2922 in
946 2900 987 2923 ea
1016 2900 1053 2923 re
1082 2890 1217 2933 ubique
1245 2891 1324 2933 ipsa
1350 2890 1459 2923 verba
1494 2891 1644 2932 pristina
