1858 3126
193 93 276 134 696

236 226 466 275 Ἀσκληπιείου
492 230 570 273 332,
591 237 642 264 19.
684 229 733 275 μὴ
759 229 950 276 συνχρησά-

238 297 339 330 μενον
364 285 414 324 εἰς
436 285 475 320 τὸ
500 285 615 320 ἔλαιον
646 286 756 331 τούτῳ
780 287 830 333 τῷ
853 286 948 332 πόρῳ

238 344 316 385 544,
333 349 388 377 24.
428 342 525 389 πόροι
549 344 604 387 46,
624 351 653 378 9.
674 350 713 378 10

190 399 348 446 πόρφυρα
373 399 519 445 μηλωτή
545 400 623 444 629,
643 407 682 435 32

192 457 345 502 ποταμός
377 458 407 491 1.
435 455 571 501 fluvius
595 456 757 502 passim;
791 458 836 491 de
865 458 947 491 Nilo

238 513 256 547 ὁ
286 512 439 559 ποταμός
469 514 524 557 56,
552 521 604 548 13.
650 511 788 560 Ἀγαθὸς
818 513 948 559 δαίμων

237 570 390 614 ποταμός
431 571 508 615 672,
539 579 570 606 8.
622 572 653 605 2.
691 570 834 607 canalis
873 573 950 606 me

237 626 371 670 faetus:
397 627 452 661 διὰ
468 633 536 662 τῶν
554 627 767 675 ὀρυχθέντων
785 633 948 673 ποταμῶν

237 685 293 727 54,
327 692 380 719 23.
416 691 469 720 24.
525 685 679 730 ποταμὸς
722 683 949 731 Φιλαγριανός

238 742 316 785 673,
337 748 353 774 6

191 798 339 845 ποτήρια
363 799 441 842 214,
463 807 500 834 13

191 855 383 894 ποτίζοντες
408 855 495 901 ζύτῳ
519 867 555 890 τε
579 855 636 890 καὶ
661 855 740 900 οἴνῳ
758 856 815 890 καὶ
832 854 950 902 ὑδρεύ-

202 935 206 938 -
239 924 340 956 μασιν
366 913 511 956 200,16.
554 913 642 958 μήτε
661 916 786 959 κτῆνος
803 912 947 952 ποτίζειν

237 969 316 1013 483,
339 976 400 1003 169

191 1028 341 1073 πρᾶγμα,
358 1025 542 1072 πράγματα
553 1026 709 1070 passim.
745 1025 875 1064 πολλὰς
892 1026 951 1060 καὶ

239 1082 388 1128 μεγάλας
413 1082 601 1123 ἀποδείξεις
618 1082 798 1129 πεποίηται
821 1087 883 1128 τῆς
903 1083 950 1122 εἰς

237 1140 279 1174 τὰ
303 1139 486 1187 πράγματα
515 1138 626 1186 ὁρμῆς
652 1141 728 1184 735,
747 1147 776 1174 8.
817 1145 886 1174 τῶν
915 1140 949 1174 ἐν

237 1200 310 1235 τοῖς
326 1196 517 1243 πράγμασιν
535 1196 641 1231 ὄντων
663 1198 694 1240 5,
715 1204 766 1231 59.
787 1204 840 1231 60.
876 1196 952 1231 τινὰ

236 1273 283 1278 -
305 1259 373 1288 τῶν
400 1253 434 1287 ἐν
458 1257 530 1292 τοῖς
561 1253 738 1301 δημοσίοις
759 1254 950 1300 πράγμασιν

237 1310 344 1346 ὄντων
384 1312 462 1355 669,
496 1317 549 1345 22.
603 1310 647 1345 τὰ
684 1315 746 1347 τοῦ,
787 1310 951 1357 βασιλέως

239 1369 421 1415 πράγματα
446 1369 478 1411 9,
496 1375 526 1402 2.
576 1366 593 1402 ὁ
625 1368 679 1402 ἐπὶ
702 1373 769 1402 τῶν
795 1368 951 1415 πραγμά-

237 1438 303 1460 των
335 1427 414 1469 291,
440 1433 468 1459 3.
501 1426 579 1469 293,
601 1433 629 1459 3.
664 1426 742 1469 294,
761 1433 791 1459 3.
823 1426 901 1469 295,
921 1433 950 1460 3.

239 1483 316 1526 296,
338 1490 367 1516 3.
414 1481 470 1516 ἐπὶ
500 1487 568 1516 τῶν
598 1482 806 1528 πραγμάτων
835 1495 951 1528 τεταγ-

241 1539 342 1584 μένον
367 1540 446 1583 247,
466 1547 496 1573 4.
536 1542 610 1576 τοῖς
636 1538 692 1572 ἐπὶ
711 1544 779 1573 τῶν
796 1539 952 1587 πραγμά-

237 1608 305 1630 των
329 1595 545 1642 τεταγμένοις
570 1596 648 1638 231,
668 1603 708 1629 26

191 1653 418 1698 πραγματεία·
444 1652 605 1699 ἀπείρους
631 1652 729 1691 ὄντας
752 1658 816 1700 τῆς
839 1652 951 1687 τοιαύ-

237 1721 300 1755 της
334 1709 562 1757 πραγματείας
599 1711 677 1754 669,
710 1717 760 1745 12.
813 1710 952 1758 εὐχερε-

238 1766 358 1811 στέρας
383 1765 565 1814 οὔσηςτῆς
580 1767 703 1814 λοιπῆς
720 1767 951 1815 πραγματείας

239 1825 270 1867 5,
290 1831 343 1858 36.
363 1832 402 1859 37

192 1880 490 1926 πραγματεύομαι·
536 1881 575 1916 τὸ
623 1882 711 1927 μετὰ
757 1881 951 1928 προθυμίας

239 1936 379 1975 ἑκόντας
389 1937 688 1984 πραγματεύεσθαι
699 1938 776 1977 τοὺς
789 1938 951 1976 δυνατούς

240 1995 391 2037 669,13.
437 1998 512 2033 τοῖς
545 1994 602 2028 ἐπὶ
630 1995 669 2029 τὸ
699 1995 858 2030 τελώνιον
888 1999 950 2040 τῆς

240 2049 402 2097 ἰχθυϊκῆς
433 2052 768 2097 πραγματευομένοις
798 2053 949 2095 496,1ο.

237 2112 306 2140 τῶν
341 2108 672 2153 πραγματευομένων
711 2105 790 2153 παρ’
835 2108 950 2147 αὐτοῖς

237 2160 421 2209 Ῥωμαίων
447 2164 524 2207 532,
545 2171 561 2198 6

193 2220 446 2268 πραγματευταί
471 2222 548 2264 525,
569 2228 584 2255 3

192 2278 440 2323 πραγματικός·
465 2282 526 2324 τῆς
552 2283 787 2325 πραγματικῆς
811 2279 869 2314 καὶ
888 2284 950 2325 τῆς

239 2335 326 2369 κατὰ
345 2335 402 2369 τὸν
423 2334 494 2380 βίον
510 2334 661 2374 εὐταξίας
678 2337 755 2379 329,
776 2344 805 2370 7.
846 2348 950 2382 πραγ-

241 2391 378 2435 ματικοί
404 2393 480 2434 139,
500 2401 529 2426 7.
556 2393 633 2436 669,
653 2399 705 2426 21.
724 2401 776 2427 37.
796 2401 850 2427 54.
869 2400 909 2426 63

192 2449 412 2494 πραιτώριον·
441 2451 502 2482 τοῦ
535 2447 772 2495 (ἐξοχωτάτου)
798 2449 949 2496 ἐπάρχου

237 2508 299 2539 τοῦ
326 2504 414 2551 ἱεροῦ
431 2505 633 2552 πραιτωρίου
652 2507 729 2549 640,
747 2514 798 2540 16.
825 2506 903 2545 723,
920 2513 949 2540 8.

239 2561 379 2609 ἐπάρχῳ
396 2561 601 2609 πραιτωρίου
628 2563 705 2606 707,
726 2571 741 2597 5

192 2618 430 2664 πρακτόρειον·
457 2618 691 2664 ἐμβάλλεσθαι
715 2618 763 2657 εἰς
786 2619 824 2653 τὸ
843 2631 951 2663 πρακ-

238 2675 368 2720 τόρειον
394 2676 471 2719 515,
492 2682 544 2710 32.
592 2675 640 2714 εἰς
663 2676 701 2710 τὸ
730 2675 950 2723 πρακτόρειόν

238 2744 330 2771 τινας
346 2732 537 2778 παρέδοσαν
563 2733 641 2776 669,
663 2740 714 2768 15.
753 2731 952 2767 κατακλείε-

241 2788 319 2824 σθαι
342 2809 387 2815 -
413 2789 460 2828 εἰς
493 2790 531 2823 τὸ
563 2790 785 2835 πρακτόρειον
812 2790 888 2833 669,
910 2797 947 2824 17

193 2847 357 2892 πρακτός·
394 2846 576 2892 παρεῖσθαι
604 2847 664 2885 τὰς
696 2845 810 2884 πόλεις
841 2846 951 2884 πάσας

906 92 1055 127 Indices.

1064 235 1131 264 τῶν
1167 229 1275 263 τόκων
1308 230 1366 264 καὶ
1406 230 1456 275 μὴ
1497 228 1584 264 εἶναι
1623 229 1774 276 πρακτοῖς

1063 287 1143 330 444,
1164 293 1204 320 16

1018 343 1196 389 πράκτωρ·
1236 342 1480 389 παραδότωσαν
1519 345 1568 391 τῷ
1610 344 1776 391 πράκτορι

1065 400 1225 446 πράσσειν
1251 401 1330 444 483,
1345 408 1361 434 7

1020 456 1256 503 πραξικοπέω·
1280 458 1338 492 καὶ
1358 457 1438 497 τοὺς
1455 455 1646 506 Πεσόγγους
1662 457 1700 492 δὲ
1717 457 1775 493 ἐὰν

1067 513 1150 559 δύνῃ
1175 513 1436 560 πραξικοπῆσαι,
1459 514 1568 562 γράφε
1594 527 1654 560 μοι
1676 514 1775 550 τίνων

1067 570 1136 605 ἐστὶ
1161 571 1259 618 χρεία
1282 573 1360 616 315,
1380 580 1396 607 8

1021 628 1156 674 πρᾶξις·
1196 631 1256 662 τοῦ
1286 627 1446 675 ἀργυρίου
1470 628 1589 675 πρᾶξιν
1613 628 1700 663 εἶναι
1728 629 1779 675 τῷ

1065 684 1270 732 τραπεζείτῃ
1316 684 1374 720 καὶ
1411 685 1462 731 τῷ
1497 685 1682 731 μηνύσαντι
1719 685 1778 720 καὶ

1067 740 1177 776 ἑλόντι
1194 742 1334 785 515,23.
1373 742 1437 788 τὴν
1454 741 1573 788 πρᾶξιν
1589 742 1779 789 ποιησάμε-

1065 810 1123 832 νον
1148 798 1294 837 ἐπεικῶς
1317 798 1375 833 καὶ
1398 805 1604 845 τειμητικῶς
1630 799 1777 844 565,19.

1065 856 1121 890 τὸν
1145 855 1357 890 τελωνοῦντα
1378 856 1440 902 τὴν
1466 855 1585 903 πρᾶξιν
1608 855 1779 891 ποιεῖσθαι

1067 910 1268 950 ἀκολούθως
1286 913 1334 958 τῷ
1353 912 1448 958 νόμῳ
1471 913 1530 948 καὶ
1552 912 1597 959 τῇ
1617 912 1779 959 συνηθείᾳ

1067 969 1145 1012 629,
1165 977 1194 1004 8.
1233 968 1291 1003 ἵνα
1316 969 1352 1003 αἱ
1376 968 1512 1015 πράξεις
1540 974 1608 1005 τῶν
1639 968 1777 1004 δανείων

1069 1024 1109 1059 ἐκ
1139 1031 1206 1060 τῶν
1237 1024 1458 1073 ὑπαρχόντων
1490 1027 1554 1061 ὦσι
1576 1026 1635 1061 καὶ
1664 1027 1713 1073 μὴ
1738 1027 1778 1061 ἐκ

1066 1087 1134 1116 τῶν
1161 1081 1327 1128 σωμάτων
1352 1084 1429 1127 669,
1446 1090 1485 1117 16

1022 1139 1161 1185 πράσσω
1180 1138 1336 1183 passim.
1359 1140 1415 1181 ,τὸ
1437 1139 1598 1186 φωραθὲν
1615 1139 1777 1188 ἀργυροῦν

1066 1195 1217 1242 νόμισμα
1232 1196 1466 1242 πρασσόμενον
1480 1196 1675 1243 στερέσιμον
1693 1196 1779 1232 εἶναι

1067 1253 1117 1297 τῷ
1138 1253 1319 1300 τραπεζίτῃ
1345 1254 1424 1298 515,
1442 1260 1483 1288 29
1788 1256 1793 1260 ’

1022 1309 1158 1355 πρέπω·
1182 1315 1250 1344 τῶν
1275 1310 1312 1344 δὲ
1328 1310 1413 1345 νέων
1429 1310 1623 1358 τηρούντων
1638 1311 1676 1345 τὸ
1697 1311 1779 1357 πρέ-

1069 1378 1132 1401 πον
1151 1367 1227 1410 764,
1244 1374 1297 1401 35.
1336 1370 1397 1402 τοῦ
1413 1367 1490 1413 περὶ
1503 1368 1566 1413 τὴν
1582 1367 1682 1402 πόλιν
1698 1368 1778 1415 πρέ-

1069 1435 1190 1462 ποντος
1213 1424 1270 1459 τὸν
1295 1423 1405 1458 πάντα
1421 1424 1649 1471 ποιησάμενοι
1677 1423 1778 1471 λόγον

985 1465 989 1519 Ι
1071 1482 1148 1524 764,
1169 1489 1209 1515 53

1023 1537 1181 1584 πρεσβεία
1206 1538 1283 1582 223,
1303 1544 1357 1572 21.
1389 1539 1467 1582 352,
1485 1545 1539 1573 49.
1586 1537 1778 1586 προλεγέτω

1069 1594 1125 1629 διὰ
1141 1594 1320 1642 πρεσβείας
1335 1595 1414 1639 437,
1430 1603 1482 1630 76.
1522 1593 1701 1633 πιστεύσας
1716 1596 1778 1641 τὴν

1068 1651 1154 1698 ὑπὲρ
1176 1657 1244 1687 τῶν
1268 1653 1368 1700 κοινῇ
1405 1652 1644 1700 συμφερόντων
1680 1663 1779 1699 πρεσ-

1070 1708 1162 1752 βείαν
1195 1710 1279 1756 πρὸς
1308 1706 1510 1755 “Ρωμαίους
1550 1707 1779 1748 ἐξαπέστειλεν

1069 1765 1168 1800 αὐτόν
1194 1767 1272 1810 323,
1293 1774 1345 1802 18.
1393 1767 1412 1801 ὁ
1443 1766 1552 1812 δῆμος
1579 1765 1676 1811 ἠξίου
1700 1765 1780 1803 τοὺς

1071 1822 1220 1867 βασιλεῖς
1239 1823 1324 1868 μετὰ
1339 1822 1516 1870 πρεσβείας
1533 1823 1610 1867 329,
1630 1829 1684 1857 29.
1724 1821 1779 1857 ἐπὶ

1068 1878 1231 1925 πρεσβείᾳ
1252 1881 1296 1927 τῇ
1314 1881 1397 1925 πρὸς
1409 1879 1490 1918 τοὺς
1506 1876 1681 1925 Καίσαρας
1701 1879 1778 1922 516,

1070 1942 1122 1971 20.
1163 1936 1338 1982 πρεσβεῖαι
1361 1938 1439 1980 222,
1459 1943 1512 1970 24.
1560 1934 1691 1973 πολλὰς
1716 1936 1777 1980 μὲν

1067 1993 1245 2039 πρεσβείας
1264 1992 1457 2030 ἐπιτελέσας
1481 1991 1559 2035 339,
1578 2000 1630 2027 1ο.
1665 1992 1727 2031 τάς
1742 2004 1779 2026 τε

1067 2048 1241 2094 πρεσβείας
1253 2049 1432 2096 ἀνεδέχετο
1446 2048 1634 2094 προθύμως
1648 2050 1726 2092 339,
1736 2055 1776 2084 2ο

1021 2106 1228 2151 πρεσβευτής
1246 2106 1323 2149 (-άς)
1342 2107 1463 2150 44,14.
1481 2106 1624 2150 266,4-1.
1642 2107 1778 2150 345,11.

1067 2164 1145 2205 453,
1167 2170 1218 2197 14.
1245 2163 1322 2207 587,
1343 2171 1394 2198 1ο.
1435 2163 1591 2209 πρέσβεις
1616 2165 1646 2207 5,
1667 2171 1719 2198 30.
1744 2164 1776 2208 8,

1070 2227 1219 2254 33.109.
1240 2227 1314 2255 110.
1351 2221 1404 2264 13,
1425 2226 1455 2254 2.
1475 2227 1504 2254 9.
1539 2221 1617 2264 222,
1647 2228 1701 2254 14.
1726 2227 1776 2255 ¹8.

1068 2276 1145 2320 333,
1165 2284 1194 2311 8.
1222 2277 1298 2320 352,
1319 2284 1371 2311 66.
1395 2278 1474 2320 456,
1494 2284 1547 2312 62.
1567 2284 1621 2312 64.
1650 2277 1728 2320 654,
1747 2284 1778 2310 7.

1068 2332 1268 2378 πρεσβευταί
1306 2335 1358 2377 12,
1387 2342 1416 2369 3.
1453 2335 1533 2376 219,
1558 2340 1612 2368 21.
1643 2339 1697 2368 29.
1723 2339 1776 2367 42.

1068 2390 1146 2433 223,
1165 2396 1194 2423 2.
1215 2398 1268 2424 36.
1293 2391 1371 2435 228,
1387 2398 1416 2424 9.
1443 2391 1520 2434 229,
1539 2397 1577 2424 21
1594 2400 1672 2433 sqq.
1697 2390 1776 2432 233,

1069 2454 1121 2481 30.
1142 2454 1195 2481 se.
1227 2448 1304 2491 234,
1325 2455 1376 2482 14.
1410 2448 1488 2491 265,
1513 2454 1542 2481 ⁵.
1576 2448 1704 2490 305,2.
1724 2453 1776 2481 14.

1068 2504 1144 2547 319,
1165 2511 1193 2539 6.
1215 2512 1267 2539 10.
1286 2512 1339 2539 23.
1363 2505 1442 2548 335,
1457 2511 1616 2538 33169.
1634 2503 1776 2546 339‚22.

1069 2561 1146 2604 345,
1163 2568 1192 2595 9.
1216 2562 1359 2605 436,10.
1385 2562 1529 2604 437,44.
1554 2561 1682 2603 441‚16
1697 2569 1775 2602 sqq.

1068 2618 1146 2661 574,
1163 2626 1191 2651 7.
1217 2618 1295 2660 603,
1316 2627 1345 2652 7.
1370 2618 1449 2661 751,
1464 2624 1493 2651 2.
1513 2617 1591 2660 763,
1606 2623 1636 2651 2.
1654 2623 1706 2650 37.
1723 2623 1775 2650 το.

1069 2675 1144 2718 771,
1173 2682 1224 2708 15.
1252 2682 1303 2709 17.
1338 2675 1415 2717 773,
1443 2682 1473 2708 3.
1521 2672 1661 2709 ἑλέσθαι
1696 2683 1777 2718 πρε·

1069 2731 1210 2776 σβευτὰς
1231 2731 1271 2765 ἐκ
1295 2731 1427 2765 πάντων
1455 2735 1522 2764 τῶν
1547 2729 1694 2765 πολιτῶν
1717 2728 1776 2763 ἄν·

1068 2788 1149 2832 δρας
1165 2788 1248 2822 δέκα
1267 2788 1320 2830 11,
1336 2795 1352 2821 7
1367 2797 1445 2830 sqq.
1462 2806 1509 2812 —
1524 2786 1776 2822 Romanorum

1067 2844 1176 2889 leqati
1217 2847 1247 2879 1.
1278 2843 1464 2888 praesides
1494 2843 1775 2888 promam-um
