1858 3126
183 129 267 170 194
344 127 433 161 v111.
468 127 614 170 Imperii
630 127 781 160 Romani
797 127 1007 170 provinciae
1024 126 1226 160 orientales.
1267 130 1298 160 2.
1323 127 1492 170 Bithynia
1516 129 1584 162 etc.
1631 127 1760 170 [⁵8⁰—

296 267 381 320 λου,
418 263 695 322 γραμμαΙτέων
725 261 910 307 Ἀττάλου
941 261 990 322 β’,
1029 262 1294 322 Ἑρμογένους
1333 263 1339 322 Ι
1377 264 1546 320 Δαδέου,
1591 265 1764 322 θεοπρό-

297 335 411 376 ποιῙθ
453 333 581 390 ἦλθον
630 333 635 390 Ι
681 331 857 390 Κρίσπος
902 332 1119 390 Τρύφωνος
1163 333 1232 376 καὶ
1279 332 1284 390 Ι
1332 332 1538 390 ΠΙόπλιος)
1584 333 1763 382 Πούπιος

228 413 270 448 15
296 401 544 459 Καλλικλῆς,
573 401 586 460 ΙΙ
615 401 757 450 οἵτινες
789 402 1007 459 μυηθέντες
1037 401 1299 460 ἐνεβάτευσαν
1315 403 1360 445 ¹1.
1396 402 1402 459 Ι
1433 402 1547 451 ἔτους
1579 400 1658 460 ρΕγ’
1690 406 1761 459 τῆς

297 471 532 529 ἐλευθερίας
543 473 588 514 ¹2.

183 601 304 634 minus
338 601 529 642 singularis
559 601 614 633 est
643 608 753 642 quam
784 599 874 632 illud
904 599 1005 641 quod
1038 599 1278 632 Chamonardi
1308 600 1344 632 et
1366 599 1540 642 Legrandi
1564 599 1763 633 sententiae

183 658 385 692 reiciendas
409 667 534 691 ansam
551 657 729 700 praebuit.
825 660 844 690 9
875 657 974 690 Idem
992 656 1152 690 officium
1168 657 1206 689 in
1223 657 1301 690 aliis
1318 657 1433 690 titulis
1450 657 1576 690 Clariis
1593 657 1762 691 occurrit.

184 716 234 749 Cf.
258 716 381 749 Revue
406 716 449 749 de
474 715 599 758 philol.
623 715 691 748 XX
707 724 742 758 p.
761 717 825 747 260
853 723 887 748 n.
906 718 936 758 8,
956 717 974 747 3
1005 714 1222 760 [πρυτάν]εως
1240 713 1278 747 δὲ
1294 712 1353 748 καὶ
1369 713 1548 760 προφήτου
1564 710 1764 757 Κλ(οιυδὶου)

183 767 344 818 Ῥούφου.
384 783 419 816 p.
437 775 503 806 262
529 782 564 806 n.
583 776 613 815 5,
634 775 674 805 42
699 771 983 818 προφητεύοντο[ς
997 774 1057 805 τοῦ
1084 771 1204 814 δεῖνος]
1227 773 1388 815 itemque
1412 772 1510 815 apud
1525 772 1764 806 Iamblichum

183 831 227 864 de
252 832 438 874 mysteriis
463 831 520 874 111,
549 833 584 862 44
623 829 709 863 εἶναι
732 829 796 875 γὰρ
821 829 935 875 πηγὴν
967 829 1002 863 ἐν
1035 828 1122 875 οἴκῳ
1151 828 1318 875 καταγείῳ
1350 828 1410 863 ’καὶ
1441 825 1494 862 ἀπ’
1523 828 1629 876 αὐτῆς
1657 827 1764 863 πίνειν

181 887 238 922 τὸν
262 887 452 935 προφήτην.
500 888 529 920 Α
554 888 742 921 sacerdote
767 888 812 929 (v.
832 887 862 928 5)
888 888 924 920 et
947 888 1006 920 hic
1030 889 1066 920 et
1089 888 1125 919 in
1150 887 1299 930 reliquis
1323 887 1621 930 inscriptionibus
1639 887 1765 920 distin-

184 946 318 989 guitur,
341 947 384 979 ut
408 947 579 989 appareat
596 946 716 978 minus
733 946 901 978 accurate
926 945 1027 987 loqui
1044 945 1219 987 Tacitum,
1236 945 1298 987 qui
1316 944 1506 978 manifesto
1524 943 1568 977 de
1584 945 1765 988 propheta

183 1005 273 1037 haec
298 1004 394 1037 dicat
418 1003 506 1036 Ann.
531 1004 572 1045 11,
599 1005 659 1036 54:
684 1001 898 1046 adpellitque
921 1002 1178 1043 (Germanicus)
1207 999 1420 1046 Colophona,
1444 1003 1486 1036 ut
1513 999 1635 1036 olam·
1654 1000 1765 1046 Apol-

183 1059 275 1095 lorus
294 1060 441 1095 oraculo
463 1062 621 1094 uteretwr
638 1085 646 1093 .
663 1069 739 1094 nou
761 1058 904 1103 femina
919 1057 1008 1102 illic,
1031 1061 1072 1093 ul
1087 1060 1175 1103 aput
1190 1057 1355 1102 Delphos,
1371 1058 1434 1093 scd
1448 1057 1555 1094 certis
1570 1070 1588 1094 e
1602 1057 1764 1103 familiis

184 1120 216 1153 ct
237 1116 352 1162 ferme
374 1116 497 1152 Mileto
521 1115 659 1151 accitus
681 1116 847 1151 sacerdos
869 1126 1066 1151 umnerum
1096 1115 1201 1150 modo
1230 1114 1515 1151 consultantium
1546 1118 1578 1151 el
1607 1115 1765 1151 nomina

184 1174 288 1210 audit
296 1187 310 1218 ,·
350 1178 427 1210 tum
465 1173 510 1208 in
547 1185 693 1218 specum
730 1174 924 1218 degressus,
964 1173 1097 1208 hausta
1135 1172 1248 1217 fontis
1287 1172 1423 1208 wrccmi
1460 1184 1568 1218 aqua,
1608 1171 1782 1219 ifflmrus'

179 1233 392 1278 plerumque
415 1231 622 1267 litterarum
645 1233 677 1266 et
701 1231 912 1266 carminum
937 1230 1008 1265 edit
1030 1241 1204 1275 respousa
1227 1229 1387 1266 versibus
1418 1228 1625 1275 compositis
1655 1241 1765 1275 super

182 1290 297 1334 moue,
331 1300 422 1334 quas
454 1288 536 1334 quis
563 1291 680 1323 ‘mente
711 1288 880 1334 concepit.
943 1290 1019 1328 Qua
1052 1290 1089 1322 in
1126 1290 1369 1332 descriptione
1399 1289 1517 1322 inesse
1546 1298 1618 1323 non
1649 1289 1762 1323 modo

183 1357 335 1391 errores,
370 1349 434 1381 sed
459 1348 598 1390 aliquot
621 1357 679 1381 res
711 1348 817 1390 plane
847 1347 1031 1380 fabulosas
1062 1348 1243 1380 neminem
1277 1347 1404 1389 fugiam
1436 1356 1481 1380 ex
1511 1346 1646 1389 quibus
1674 1347 1764 1380 illud

184 1407 282 1449 quod
313 1408 368 1439 est
398 1407 442 1438 de
473 1406 674 1447 ignorantia
697 1406 899 1438 litterarum
925 1404 1076 1438 fortasse
1101 1405 1184 1437 inde
1208 1405 1335 1437 natum
1359 1405 1424 1443 est,
1454 1404 1554 1446 quod
1586 1404 1765 1447 propheta
1812 1428 1817 1432 .

189 1473 261 1497 non
286 1465 363 1506 ipse
388 1472 517 1496 versus
542 1463 732 1506 pangebat,
750 1463 812 1496 sed
830 1462 1012 1505 thespiodi
1030 1462 1112 1503 (not.
1130 1462 1160 1503 5)
1178 1471 1288 1504 opera
1303 1461 1484 1495 utebatur.
1590 1464 1632 1495 40
1665 1462 1765 1494 Idem

187 1523 242 1555 est
274 1522 359 1554 Rev.
385 1522 429 1554 de
459 1521 546 1563 phil.
578 1521 676 1553 XXII
706 1530 741 1563 p.
760 1523 825 1553 258
850 1529 883 1552 n.
905 1523 933 1562 4,
955 1523 983 1553 4.
1016 1529 1050 1562 p.
1069 1522 1134 1552 262
1160 1528 1193 1552 n.
1212 1523 1243 1562 5,
1264 1522 1315 1561 45,
1353 1528 1437 1552 cum
1470 1518 1690 1552 lamblichus
1721 1519 1766 1552 de

186 1580 296 1621 myst.
321 1579 379 1621 111,
407 1581 442 1610 44
481 1578 578 1611 dicat
609 1577 729 1611 πιόντα
760 1576 798 1610 δὲ
833 1576 1052 1623 χρησμῳδεῖν
1082 1579 1155 1613 τοῖς
1186 1578 1332 1620 παροῦσι
1363 1574 1518 1621 θεωροῖς.
1566 1576 1765 1619 Utrumque

186 1645 318 1669 nomen
342 1637 439 1669 recte
464 1644 502 1669 se
526 1635 646 1678 habet,
670 1645 754 1668 nam
778 1635 849 1668 hoc
873 1635 1019 1677 quidem
1045 1642 1157 1677 genus
1174 1634 1360 1676 significat,
1378 1633 1466 1666 illud
1481 1642 1569 1667 vero
1593 1634 1764 1676 speciem.

188 1698 222 1727 44
261 1695 314 1727 Sc.
334 1695 370 1726 in
387 1703 579 1727 cavernam
605 1693 888 1736 subterraneam,
914 1702 1025 1735 quam
1042 1692 1186 1725 Tacitus
1205 1692 1290 1733 (not.
1309 1692 1339 1733 9)
1363 1700 1519 1735 specwm,
1544 1691 1764 1724 IambIIchns

186 1752 294 1794 (ibid.)
319 1750 498 1797 κατάγειον
524 1749 617 1785 οἷκον
643 1751 809 1794 appellat.
849 1751 957 1783 Recte
974 1750 1222 1783 Haussoullier
1239 1759 1283 1782 ex
1299 1749 1368 1782 hoc
1390 1748 1645 1792 additamento,
1663 1748 1763 1791 quod

185 1811 222 1843 in
247 1809 395 1852 reliquis
420 1809 534 1842 titulis
559 1809 795 1851 desideratur,
831 1817 908 1840 rem
934 1808 1026 1841 Clari
1050 1808 1100 1841 ita
1125 1808 1327 1840 institutam
1358 1815 1437 1840 esse
1469 1806 1625 1849 collegit,
1655 1807 1697 1839 ut
1727 1807 1765 1839 in

184 1869 397 1900 universum
415 1867 563 1909 quidem
581 1868 643 1909 qui
659 1867 768 1899 deum
785 1866 1015 1899 consulerent
1030 1867 1130 1899 extra
1148 1874 1295 1908 specum
1314 1872 1491 1907 responsa
1502 1865 1764 1907 exspectarent,
1804 1891 1811 1897 .

187 1925 249 1958 sed
274 1925 382 1957 certis
407 1924 626 1966 quibusdam
651 1924 880 1957 caerimoniis
901 1923 1076 1957 absolutis
1102 1920 1312 1967 (μυηθέντες)
1330 1922 1439 1954 etiam
1462 1921 1558 1954 intro
1577 1922 1766 1963 penetrare

185 1982 319 2014 liceret.
377 1982 536 2014 Similem
570 1981 679 2014 fuisse
712 1991 850 2015 morem
882 1980 1065 2013 Lebadeae
1098 1980 1133 2012 in
1165 1979 1311 2012 oraculo
1343 1977 1552 2020 Trophonii,
1583 1977 1764 2019 siquidem

185 2038 236 2071 ibi
267 2047 413 2080 quoque
444 2039 534 2071 ritus
568 2039 716 2080 quidam
748 2039 840 2071 sacri
871 2037 1063 2080 peragendi
1095 2037 1224 2078 essent,
1254 2036 1467 2078 priusquam
1492 2035 1529 2067 in
1554 2035 1764 2077 speluncam

184 2096 397 2136 intraretur;
440 2095 482 2127 cf.
519 2096 668 2128 Pausan.
699 2096 832 2137 perieg.
866 2096 923 2137 IX,
963 2097 1016 2137 39,
1037 2097 1092 2126 42:
1126 2095 1245 2126 τοῦτον
1281 2091 1318 2125 δὲ
1356 2092 1556 2134 (satellitem
1592 2093 1765 2125 Demetrii

185 2152 416 2193 Poliorcetae)
436 2150 511 2184 οὔτε
537 2156 676 2198 ποιῆσαι
698 2151 774 2197 περὶ
796 2151 834 2185 τὸ
861 2150 947 2197 ἱερόν
966 2162 1063 2196 φασιν
1091 2149 1188 2183 οὐδὲν
1212 2154 1278 2182 τῶν
1303 2148 1554 2194 νενομισμένων
1579 2147 1656 2183 οὔτε
1678 2161 1765 2197 χρη-

187 2208 328 2254 σόμενον
353 2209 402 2254 τῷ
424 2206 494 2254 θεῷ
515 2207 715 2254 καταβῆναι.
771 2209 838 2241 Sed
863 2209 934 2241 illic
968 2208 1115 2250 quidem
1140 2208 1275 2240 nemini
1299 2207 1367 2240 nisi
1393 2208 1456 2249 qui
1487 2208 1658 2240 intrasset
1679 2216 1764 2240 con-

187 2267 306 2299 sulere
330 2267 476 2299 licuisse
508 2266 707 2299 oraculum.
836 2269 875 2297 42
907 2256 1066 2298 Amiseni
1099 2264 1275 2298 libertatis
1307 2273 1419 2297 annos
1444 2264 1490 2298 ab
1512 2265 1666 2307 Augusti
1689 2265 1765 2297 vic-

185 2325 279 2356 toria
306 2324 451 2356 Actiaca
493 2324 740 2366 numerabant,
779 2325 818 2355 ut
862 2324 1034 2365 appareat
1062 2332 1195 2355 annum
1224 2323 1463 2355 centesimum
1500 2322 1763 2364 sexagesimum

188 2381 336 2414 tertium
361 2390 432 2413 non
461 2383 535 2423 430,
560 2382 602 2413 ut
625 2381 734 2424 primi
759 2380 914 2413 editores
944 2381 1258 2422 computaverant,
1284 2379 1346 2413 sed
1374 2382 1437 2411 432
1462 2387 1498 2421 p.
1516 2379 1597 2412 Chr.
1614 2387 1648 2411 n.
1673 2386 1763 2411 esse.

187 2438 443 2471 Haussoullier.

275 2607 360 2652 531
405 2612 449 2650 In
488 2611 621 2663 aliqua
657 2623 707 2650 ex
745 2611 922 2663 quinque
957 2612 1021 2650 vel
1059 2623 1132 2650 sex
1173 2611 1288 2662 casis,
1336 2621 1386 2648 ex
1422 2608 1567 2660 quibus
1606 2609 1766 2647 constat

188 2692 318 2733 pagus
338 2677 499 2719 Meirch
529 2680 629 2720 situs
659 2680 764 2719 inter
784 2679 936 2732 oppida
955 2677 1127 2732 Islauen
1147 2682 1186 2718 et
1209 2675 1351 2730 Tatay.
1402 2676 1501 2716 Edd.
1535 2676 1579 2716 G.
1598 2675 1764 2716 Hirsch-

189 2749 268 2789 feld
300 2749 569 2801 Sitzungsber.
601 2749 672 2788 der
697 2748 769 2787 Ak.
793 2761 844 2787 zu
870 2749 1003 2788 Berlin
1033 2748 1141 2787 4888
1172 2759 1212 2799 p.
1237 2747 1317 2785 888
1349 2757 1387 2784 n.
1411 2745 1478 2784 64.
1528 2745 1762 2785 Accuratius

190 2818 235 2857 G.
258 2818 430 2857 Doublet
457 2818 556 2856 Bull.
581 2818 630 2857 de
651 2829 755 2856 corr.
779 2818 877 2857 Hell.
901 2818 990 2856 XIII
1012 2816 1151 2868 (⁴889)
1181 2828 1220 2868 p.
1246 2815 1327 2854 3⁴2
1359 2826 1397 2853 n.
1422 2814 1487 2854 20.
1532 2813 1591 2865 (R.
1611 2813 1763 2864 Cagnat

187 2887 310 2926 Inscr.
335 2886 401 2926 Gr.
427 2887 479 2925 ad
499 2898 564 2926 res
585 2887 700 2926 Rom.
723 2889 828 2939 pert.
850 2887 902 2924 III
931 2899 971 2938 p.
997 2886 1048 2925 32
1080 2897 1119 2924 n.
1144 2883 1224 2936 90).
