1858 3126
519 139 609 173 vm.
645 139 714 172 Res
738 139 775 172 et
798 137 913 172 verba
936 138 1163 173 notabiliora.

49 275 224 325 γενέθλιος
269 276 386 324 ἡμέρα
434 277 511 320 111,
542 283 596 311 29.
651 276 726 319 194,
753 282 807 310 27.

0 351 1 354 ¹
97 335 176 379 352,
195 341 248 370 81.
279 334 358 379 456,
376 341 430 370 20.
449 339 502 368 2⁸.
533 333 612 377 458,
630 340 661 367 4.
682 340 734 367 19.
753 338 807 366 22.

98 398 150 427 52.
170 399 224 427 55.
262 389 419 438 γενεθλία
442 389 557 436 ἡμέρα
581 389 660 433 222,
679 397 709 424 θ,
752 401 808 435 γε·

94 447 228 484 νέθλιοι
261 446 387 496 ἡμέραι
422 447 500 491 383,
531 453 605 482 132.
661 446 697 481 έν
731 449 807 484 ταῖς

95 505 377 552 ἐπιφανεστάταις
413 504 472 539 καὶ
519 503 666 541 αἰωνίοις
704 502 807 538 αὐτοῦ

94 561 283 609 γενεθλίοις
298 561 444 609 ἡμέραις
467 561 546 604 493,
564 568 616 595 5ο.
641 578 689 586 —-
710 558 735 605 ἠ
751 571 806 606 γε·

93 618 230 658 νέθλιος
254 617 510 662 (εηόείαωίίυε)τ
544 617 607 663 τὴν
631 615 805 663 γενέθλιον

96 676 200 711 αὐτοῦ
241 678 310 719 (τοῦ
350 674 609 721 αὐτοκράτορος)
649 674 726 717 493,
752 679 805 707 26.

93 730 268 780 γενέθλιος
292 751 336 758 -
366 733 535 777 σώματος,
570 749 618 756 -
640 729 807 776 διαδήμα-

92 801 153 828 τος
172 789 251 834 383,
269 797 323 824 83.
347 808 394 815 --
416 788 460 823 τὰ
475 786 633 834 γενέθλια
656 790 717 822 τοῦ
746 786 807 832 βα-

94 845 217 885 σιλέως
248 847 302 890 56,
323 854 353 880 5.
383 846 439 890 90,
458 852 512 880 48.
559 845 594 879 ἐν
617 848 691 882 τοῖς
714 855 806 890 γενε-

92 902 205 942 θλίοις
242 905 303 938 τοῦ
342 901 507 949 βασιλέως
545 900 624 938 καθ’
663 900 805 936 ἕκαστον

95 964 189 1007 μῆνα
212 961 291 1004 339,
310 966 352 995 35

45 1017 214 1065 γενέσιος·
237 1018 281 1064 τῇ
299 1015 437 1064 γενεσίῳ
455 1014 612 1062 Τιβερίου
631 1013 805 1061 Καίσαρος

94 1075 173 1119 583,
193 1082 232 1109 14

45 1131 188 1180 γένεσις·
220 1130 306 1178 ὑπὲρ
329 1131 492 1178 γενέσεως
516 1130 605 1176 ἐμῆς
629 1130 707 1173 383,
729 1137 803 1165 101.

91 1190 132 1225 τὸ
163 1188 231 1224 ἀπὸ
261 1191 326 1235 τῆς
358 1187 487 1222 ἐκείνου
520 1189 590 1229 (τοῦ
621 1184 803 1232 Σεβαστοῦ)

91 1246 255 1294 γενέσεως
286 1244 402 1292 ἄρχειν
431 1244 481 1290 τῷ
507 1243 570 1289 βίῳ
600 1244 658 1278 τὸν
680 1242 802 1291 χρόνον

90 1303 172 1348 458,
189 1310 244 1339 48.
287 1302 350 1348 τὴν
373 1302 501 1349 γένεσιν
527 1300 692 1347 βασιλέως
717 1298 803 1335 Πτο-

90 1359 236 1406 λεμαίου
261 1360 317 1403 56,
335 1366 376 1394 25

43 1416 194 1465 γένημα·
227 1416 286 1451 σὺν
309 1419 383 1454 τοῖς
406 1418 466 1451 τοῦ
499 1416 683 1453 ἐνεστῶτος
707 1414 804 1452 ἔτους

91 1475 276 1522 γενήμασιν
300 1474 379 1518 262,
399 1481 416 1508 9

43 1534 217 1580 γενναῖος’
254 1529 361 1577 κυρίῳ
396 1530 536 1577 γενναίῳ
569 1528 804 1575 Βαλμαρκῶδι

93 1589 172 1634 589,
192 1595 207 1622 1

14 1686 21 1689 Α
45 1646 193 1694 γεννάω·
217 1648 278 1680 τοῦ
303 1642 555 1690 μεταμέλεσθαι
579 1642 630 1677 ὅτι
645 1642 802 1689 γεγέννη-

91 1715 148 1738 ται
171 1703 249 1746 458,
271 1709 307 1737 11

21 1749 160 1808 «γένος’
205 1760 235 1794 1.
266 1756 473 1804 progenies:
511 1757 680 1803 ἐπάρατος
716 1755 802 1790 ἔστω

88 1817 148 1852 καὶ
186 1815 309 1862 ἄτιμος
347 1815 406 1849 καὶ
443 1814 539 1861 γένος
585 1816 618 1858 4,
646 1820 708 1848 102
722 1823 802 1857 sqq.

89 1873 282 1921 κατάρατον
322 1872 468 1919 ἔμμεναι
506 1872 566 1906 καὶ
606 1870 706 1905 αὖτον
745 1869 804 1904 καὶ

23 1971 27 1977 ,
88 1931 186 1978 γένος
208 1931 246 1965 τὸ
270 1930 367 1976 πιήνω
392 1930 424 1974 8,
441 1936 494 1965 23.
535 1927 644 1975 ἱερεὺς
668 1928 724 1962 διὰ
747 1927 802 1974 γέ-

20 2012 21 2016 ,
89 1999 170 2026 νους
201 1989 279 2031 470,
305 1995 335 2022 5.
390 1987 421 2021 2.
450 1997 554 2032 qens:
585 1985 703 2031 γένους
731 1989 800 2018 τῶν

88 2041 298 2080 Ἐπιλαῖδῶν
335 2045 412 2088 513,
439 2051 492 2079 10.
544 2043 577 2078 οἱ
612 2043 649 2089 ἐγ
683 2042 801 2088 γένους

91 2100 355 2147 Ζαβδιβωλείων
380 2102 458 2144 635,
477 2109 494 2135 4

42 2158 195 2204 γεραιός·
228 2160 259 2193 1.
283 2157 469 2193 adieetive:
493 2163 563 2192 τῶν
589 2156 738 2203 ἐκγόνων
763 2156 800 2190 α”ϊ

90 2220 140 2250 τῶ
154 2215 340 2263 γεραιτάτω
364 2217 397 2258 4,
412 2222 464 2248 34.
485 2223 537 2248 35.
579 2217 610 2248 2.
634 2214 800 2248 subsum-

90 2271 177 2308 tivo:
208 2272 241 2306 οἱ
262 2271 389 2319 γεραιοί
411 2274 432 2305 i.
451 2282 485 2314 q.
508 2271 673 2317 γέροντες,
703 2270 801 2315 μετέ-

89 2340 213 2375 χοντες
235 2333 298 2375 τῆς
321 2328 512 2374 γερουσίαςτ
542 2328 585 2374 τῇ
616 2326 715 2361 πόλει
743 2327 803 2361 ’καὶ

32 2410 34 2413 v
91 2389 166 2424 τοῖς
188 2389 338 2432 γεραιοῖς
362 2385 490 2433 χαίρειν
515 2385 592 2428 751,
616 2391 630 2417 1

25 2443 206 2491 γεραίρω·
238 2442 293 2476 ἀεὶ
324 2442 379 2477 διὰ
407 2447 475 2476 τῶν
510 2441 626 2488 ἱερέων
650 2440 801 2486 γεραίρε-

92 2499 172 2536 σθαι
194 2498 405 2546 παρήγγειλα
428 2499 506 2542 383,
527 2506 589 2533 104

44 2557 203 2605 γεραράς·
247 2555 449 2602 προσεξεῦρε
488 2555 589 2599 τιμὰς
629 2553 801 2601 ἐπιφανῶς

38 2625 57 2646 .·
90 2613 237 2659 γεραράς
261 2613 338 2657 383,
358 2620 398 2647 35

36 2669 166 2717 γέρας·
202 2669 303 2708 αὐτὸς
340 2670 401 2714 μὲν
431 2669 478 2707 ὡς
508 2667 588 2706 ἔθος
621 2668 802 2715 ἱερωσύνης

42 2735 43 2738 ’
92 2727 176 2774 τιμῇ
199 2727 299 2774 γέρας
323 2725 559 2771 ἐξαιρούμενος
584 2726 660 2768 383,
683 2731 744 2759 152

38 2782 234 2829 ”qepun-eia·
258 2782 448 2830 τιμηθέντα
470 2781 640 2828 γεροντεία
665 2783 742 2826 534,
759 2789 778 2816 2

27 2839 204 2886 [γερουσία
216 2836 384 2886 Ἐφεσίων
405 2840 482 2884 508,
503 2848 532 2874 5.
573 2836 802 2874 Καστωλλίων

42 2896 47 2923 ἶ
94 2897 174 2941 488,
185 2903 216 2931 2.
251 2894 443 2943 Μαγνήτων
459 2902 526 2931 τῶν
544 2896 599 2930 ἐπὶ
614 2893 802 2942 Μαιάνδρῳ

117 2963 397 2998 Dittonberger,
417 2963 544 2991 Orientis
562 2971 603 2997 gr.
620 2963 707 2992 inser.
744 2963 783 2991 11.

1550 141 1633 182 641

923 276 1002 319 485,
1025 283 1052 310 1.
1072 283 1101 310 6.
1148 274 1327 323 Μιλησίων
1351 277 1430 321 472,
1451 285 1503 312 15.
1550 276 1638 324 Περ-

922 337 1084 378 γαμηνῶν
1111 333 1261 377 764,18.
1306 332 1535 380 Τερμησσέων
1566 339 1636 370 τῶν

923 390 1006 434 πρὸς
1031 387 1228 428 Οίνοάνδοις
1252 391 1330 435 566,
1351 398 1367 425 3

875 444 1002 492 γέρων·
1035 446 1142 492 ἱερεὺς
1163 451 1227 494 τῆς
1250 453 1317 482 τῶν
1341 448 1507 494 γερόντων
1530 445 1638 495 Ὁμο-

922 502 1017 541 νοίας
1042 504 1121 546 479,
1142 512 1180 538 11

874 559 1019 606 γέφυραι
1047 561 1121 603 175,
1141 570 1157 595 9

875 616 1090 664 γεωμέτρης·
1119 617 1307 664 γεομέτρας
1337 618 1548 665 ἐπιτηδείους
1578 619 1637 655 λε-

923 673 1066 719 ξάμενος
1091 675 1168 719 502,
1191 683 1228 710 11

875 731 1054 777 γεωργέω·
1096 731 1304 779 θαρροῦντας
1340 731 1398 767 οὖν
1435 732 1540 768 οἰκεῖν
1575 734 1635 769 καὶ

920 792 1084 835 γεωργεῖν
1119 789 1198 827 τοὺς
1234 788 1438 835 ἀνθρώπους
1474 790 1552 834 669,
1580 798 1634 826 57.

921 851 990 879 τῶν
1025 845 1266 893 γεωργούντων
1302 847 1381 889 669,
1404 854 1434 882 6.
1487 847 1519 882 o!
1554 844 1632 884 ’καθ’

924 902 1009 948 ὅλην
1024 903 1087 948 τὴν
1103 905 1220 950 χώραν
1237 907 1463 951 γεωργοῦντες
1486 905 1564 949 669,
1579 911 1633 939 46.

924 961 1007 1006 (γῆς)
1038 959 1300 1007 γεωργουμένης
1329 961 1378 999 είς
1406 961 1445 995 τὸ
1476 961 1511 996 ἐν
1533 958 1634 997 Ἐλε-

923 1016 1063 1065 φαντίνῃ
1091 1017 1179 1063 ἱερόν
1207 1018 1283 1062 168,
1304 1025 1343 1053 59

874 1073 1036 1120 γεωργία·
1062 1073 1218 1120 λέγοντες
1239 1075 1287 1113 είς
1303 1075 1468 1121 γεωργίας
1492 1075 1636 1123 ἄγεσθαι

921 1131 999 1174 664,
1022 1138 1057 1165 11

874 1187 1023 1234 γεωργός
1056 1189 1185 1231 55,19.
1225 1187 1367 1235 γεωργοί
1396 1189 1473 1232 519,
1494 1196 1524 1223 7.
1572 1189 1633 1236 δη-

921 1243 1059 1289 μοσίους
1082 1244 1254 1292 γεωργούς
1278 1246 1356 1290 669,
1376 1252 1416 1280 32

873 1303 1084 1347 γῆραε475,
1109 1309 1148 1336 18

872 1360 1062 1405 γιγνώσκω,
1086 1359 1260 1404 γινώσκω·
1283 1358 1344 1393 καὶ
1366 1361 1477 1393 πᾶσαν
1493 1359 1556 1405 τὴν
1573 1359 1635 1395 πέ-

921 1415 969 1462 ριξ
992 1417 1110 1462 χώραν
1134 1416 1290 1461 γινώσκω
1308 1415 1394 1462 ἐμὴν
1419 1416 1505 1451 εἶναι
1531 1418 1562 1461 1,
1579 1424 1632 1452 10.

918 1473 976 1506 τὸν
991 1470 1137 1507 Σόλωνα
1149 1471 1280 1517 μᾶλλον
1298 1472 1514 1520 ἀπεδεξάμην
1530 1474 1631 1522 ἔσχον

919 1541 955 1564 τε
989 1529 1023 1563 ἐν
1052 1533 1127 1568 τοῖς
1159 1526 1211 1564 ὑπ’
1232 1529 1318 1574 ἐμοῦ
1349 1531 1633 1577 γεινωσκομένοις

918 1587 997 1630 453,
1018 1594 1070 1620 34.
1112 1586 1198 1633 ἔγνω
1223 1586 1331 1633 δᾶμος
1356 1588 1388 1631 8,
1404 1595 1456 1622 33.
1477 1595 1537 1623 121

872 1642 1014 1691 γλυκύς·
1040 1643 1390 1690 ἀδελφῷγλυιυτάτῳ
1409 1645 1526 1689 382,7.
1568 1646 1632 1691 τὴν

918 1700 1132 1747 γλυκυτάτην
1162 1701 1221 1735 καὶ
1251 1701 1460 1747 σεμνοτάτην
1495 1702 1631 1747 σύνβιόν

921 1770 986 1802 μου
1012 1758 1091 1801 526,
1109 1764 1126 1790 4

872 1815 1023 1861 γνήσιος·
1053 1815 1092 1848 τὸ
1124 1814 1208 1860 πρὸς
1238 1814 1301 1860 τὴν
1326 1813 1473 1860 πατρίδα
1495 1815 1631 1861 γνήσιον

918 1872 977 1906 καὶ
1001 1871 1132 1909 ἐκτενές
1157 1872 1234 1915 339,
1255 1879 1270 1904 7

871 1930 991 1975 γνώμη
1041 1930 1258 1975 (στρατηγῶν,
1302 1931 1496 1975 πρυτάνεων
1537 1931 1631 1973 sim.)

914 1996 1060 2030 passam

871 2044 1032 2090 γνώμων·
1067 2045 1096 2076 1.
1120 2042 1360 2088 mayistratm
1381 2042 1448 2088 qui
1468 2055 1526 2078 res
1548 2044 1631 2089 pri-

917 2103 1019 2135 vatas
1044 2099 1235 2145 prmev'qn's
1269 2103 1387 2135 curat:
1429 2100 1448 2135 ὁ
1483 2102 1629 2147 γνώμων

917 2161 977 2191 τοῦ
1010 2156 1094 2192 ἰδίου
1123 2156 1227 2203 λόγου
1258 2159 1335 2201 669,
1361 2165 1415 2192 44.
1467 2158 1498 2191 2.
1524 2157 1630 2193 later-

918 2214 1021 2249 culus
1051 2213 1295 2258 vectiyalium:
1332 2214 1421 2249 κατὰ
1449 2215 1508 2248 τὸν
1543 2216 1631 2260 γνώ-

919 2283 1006 2316 μονα
1030 2271 1109 2314 674,
1129 2279 1146 2304 5

870 2333 1008 2374 γνῶσις·
1032 2329 1170 2374 γνώσεις
1193 2326 1381 2374 συνηθειῶν
1405 2327 1445 2366 ἃς
1465 2331 1630 2375 παρεῖχον

919 2385 951 2419 οἱ
973 2383 1162 2429 ναύκληροι
1186 2385 1264 2427 521,
1284 2391 1322 2417 17

871 2441 977 2489 γόμος
1011 2442 1088 2484 629,
1109 2448 1161 2475 59.
1182 2447 1235 2475 62.
1256 2448 1331 2476 159.
1381 2440 1489 2488 ἱερεὺς
1518 2440 1628 2488 γόμου

919 2499 997 2542 209,
1029 2506 1059 2532 3.
1122 2498 1229 2543 γόμος
1268 2497 1425 2545 ἐλαιηρός
1465 2499 1543 2542 629,
1575 2506 1629 2533 48.

921 2562 974 2589 52.
994 2563 1047 2589 56.
1086 2555 1193 2601 γόμος
1209 2554 1368 2600 καρρικός
1392 2554 1533 2598 629,16.
1571 2554 1630 2600 γό-

921 2624 984 2657 μος
1015 2611 1208 2657 καμηλιοιός
1236 2611 1314 2654 629,
1335 2617 1388 2644 26.
1407 2618 1459 2644 35.
1480 2617 1532 2644 39.
1572 2609 1630 2655 γό-

921 2680 979 2713 μοι
1008 2667 1195 2713 καμηλικοί
1228 2668 1305 2710 629,
1334 2674 1386 2700 16.
1414 2674 1466 2701 87.
1522 2666 1629 2712 γόμος

920 2725 1033 2762 ὀνικός
1065 2725 1143 2767 629,
1163 2731 1215 2758 30.
1234 2730 1286 2757 45.
1334 2723 1443 2768 γόμου
1472 2725 1630 2768 πυριιοῦ,

920 2780 1060 2824 οἰνικοῦ,
1091 2780 1227 2827 ἀχύρων
1252 2779 1311 2813 ’καὶ
1329 2778 1485 2813 τοιούτου
1509 2778 1630 2826 γένους

919 2838 998 2881 629,
1017 2844 1057 2871 86

873 2898 983 2942 γονεῖς
1008 2895 1086 2938 563,
1106 2900 1157 2928 16.
1183 2894 1259 2938 731,
1278 2899 1309 2928 2.
1335 2893 1412 2937 766,
1433 2901 1449 2927 8

1309 2965 1345 2996 44
