1858 3126
61 176 141 219 λετ]
476 175 625 208 Pactum
650 175 744 207 inter
768 174 944 216 Ephesios
968 177 1006 207 et
1028 174 1231 208 Sardianos.
1615 180 1640 216 5

59 314 78 355 1
105 312 147 355 Δ
173 309 357 368 [Κόϊντος
369 310 548 360 Μούκιος
564 311 743 354 Ποπλίου
759 310 843 359 υἱὸς
858 310 1059 359 Σκαιόλας
1067 313 1096 365 ²,
1120 312 1124 368 Ι
1148 310 1602 367 ἀνθύπατοςῬωμαίων
1610 315 1640 366 ³,

173 381 409 438 Σαρδιανῶν
423 385 492 438 τῆι
507 382 652 437 βουλῆι
672 380 754 436 κ]αὶ
772 380 779 437 Ι
796 381 883 437 [τῶι
900 382 1033 437 δήμιοι
1048 382 1226 439 χαίρειν·
1248 385 1326 424 τῶν
1343 383 1385 424 ἐν
1402 386 1469 438 τῆι
1484 382 1642 439 φιλίαι*

59 579 95 620 (α
117 587 152 612 v.
169 581 271 612 2—0.
295 579 442 618 26-32)
467 577 512 611 ad
538 578 731 611 Scaevolae
755 578 894 611 litteras
918 578 1059 611 rettulit
1083 579 1243 620 Frankeh
1276 588 1362 611 cum
1387 579 1424 611 in
1450 579 1568 612 media
1594 579 1643 611 la-

47 628 154 678 pidis
176 638 280 678 parte
305 634 337 678 (b
361 645 394 668 ν.
412 638 558 668 to—ss.
586 636 732 676 38—55)
757 636 932 678 epistulas
954 636 1079 678 populi
1098 636 1399 677 Pergamenorum
1428 636 1473 668 ad
1497 636 1642 669 easdem

57 692 150 729 duas
172 693 340 727 civitates
363 692 465 726 datas
482 701 677 734 agnoscere
701 692 771 726 sibi
790 693 983 726 videretur.
1025 693 1124 732 Quae
1149 694 1272 736 opinio
1293 693 1466 726 refellitur
1484 695 1643 736 primum

57 759 100 785 ea
123 759 173 792 re,
197 750 299 793 quod
313 758 424 793 quem
441 751 625 783 hominem
644 751 702 783 hic
727 759 760 783 v.
780 753 834 783 Η.
853 754 906 784 ⁴5.
926 753 967 783 ³8
994 750 1039 783 ad
1056 751 1136 784 illos
1154 759 1193 783 se
1211 751 1355 784 misisse
1371 751 1499 784 scribit
1516 753 1644 784 auctor

57 807 245 851 epistulae,
274 817 425 844 ----σος
448 804 643 851 Φυλοπίμου
667 803 845 853 Ἀθηναῖος
869 808 1090 850 appellatum
1120 817 1203 841 nam
1237 809 1491 850 magistratum
1515 809 1644 841 Roma-

23 910 26 914 .
58 875 147 900 num
176 865 373 900 cuiuslibet
403 865 552 907 originis
581 865 777 907 hominem,
817 865 1017 899 dummodo
1055 867 1088 899 ei
1120 867 1300 908 egregiam
1337 866 1445 899 fidem
1483 866 1643 907 haberet,

0 1487 2 1550 ἑ

58 926 203 960 mittere
226 926 389 968 potuisse
411 927 573 968 apparet,
602 926 786 958 civitatem
813 934 901 958 vero
926 927 1099 959 Graecam
1131 935 1201 959 non
1232 928 1323 968 cive,
1354 927 1418 959 sed
1451 927 1640 969 peregrino

57 982 175 1026 legato
197 991 349 1017 usuram
373 982 484 1016 fuisse
509 984 672 1016 omnium
700 984 856 1016 maxime
881 983 1124 1026 improbabile
1148 987 1213 1017 est.
1255 984 1345 1017 Tum
1364 993 1451 1017 vero
1474 985 1573 1026 quod
1599 984 1643 1016 de

56 1049 103 1077 οο
119 1040 294 1074 scribimr
309 1050 344 1074 v.
360 1043 412 1074 ⁴5.
430 1043 473 1073 ⁴6
490 1042 526 1073 et
543 1043 597 1074 39.
616 1042 658 1072 ⁴⁰
684 1038 791 1085 ἄνδρα
806 1039 913 1074 καλὸν
933 1040 992 1074 καὶ
1013 1039 1141 1086 ἀγαθὸν
1163 1041 1221 1074 καὶ
1240 1044 1303 1085 τῆς
1325 1039 1484 1087 μεγίστης
1502 1040 1643 1078 πίστεως

58 1095 259 1142 ἀξιούμενον
281 1093 356 1142 παρ’
373 1096 472 1141 ἡμῖν,
496 1097 534 1130 id
557 1098 644 1130 item
670 1106 692 1130 a
715 1097 935 1140 populorum
953 1098 1174 1131 Graecorum
1200 1106 1270 1131 usu
1296 1098 1559 1132 alienissimum
1577 1100 1643 1139 est,

58 1163 144 1189 cum
168 1163 271 1198 reges
294 1157 331 1188 et
354 1155 588 1197 magistratus
603 1155 755 1188 Romani
772 1155 855 1188 talia
873 1155 917 1188 de
934 1155 1060 1196 legatis
1085 1156 1162 1188 suis
1187 1156 1396 1198 praedicare
1421 1156 1574 1197 soleant,
1599 1155 1643 1188 cf.

59 1211 164 1255 Syll.²
177 1215 387 1255 2⁶³,2sqq.
433 1212 560 1255 Neque
590 1213 786 1254 quicquam
818 1213 855 1245 in
885 1213 942 1245 his
967 1212 1134 1246 versibus
1166 1214 1306 1255 legitur,
1337 1213 1436 1255 quod
1469 1212 1645 1255 impediat

58 1270 255 1312 quominus
279 1270 369 1303 haec
390 1270 512 1303 omnia
537 1269 582 1302 ad
605 1269 752 1302 easdem
777 1278 819 1302 ac
842 1270 961 1311 prima
980 1270 1155 1312 epistulas
1176 1271 1408 1312 proconsulis
1434 1269 1642 1302 referamus.

58 1326 140 1360 Non
162 1327 324 1370 quinque
347 1327 467 1368 igitur,
492 1328 533 1359 ut
550 1327 756 1360 Frankelius
781 1325 851 1359 sibi
868 1327 1060 1369 persuasit,
1085 1327 1150 1360 sed
1174 1328 1243 1360 tria
1268 1327 1379 1360 modo
1403 1328 1643 1360 instrumenta

60 1385 86 1427 (1
110 1393 143 1418 v.
160 1387 285 1418 2-25.
318 1385 347 1416 ΙΙ
372 1393 406 1417 v.
426 1386 572 1417 26—55.
605 1384 651 1416 111
676 1393 709 1416 v.
729 1385 876 1425 56-96)
909 1385 1007 1430 huic
1024 1384 1135 1427 lapidi
1169 1386 1280 1418 incisa
1313 1387 1425 1418 erant.
1481 1385 1642 1418 Tertium

58 1444 116 1475 est
139 1444 287 1484 pactum
310 1450 384 1484 quo
402 1441 589 1484 Smyrnaei
612 1443 649 1474 et
666 1441 810 1484 Ephesii
827 1442 1117 1475 dissensionibus
1140 1444 1218 1476 suis
1238 1442 1346 1476 finem
1371 1443 1559 1485 imponere
1583 1452 1644 1476 co-

61 1499 135 1532 nati
159 1500 256 1532 sunt.
296 1498 347 1532 De
371 1500 583 1540 argumento
605 1499 845 1541 epistularum
869 1500 906 1531 et
930 1498 974 1531 de
998 1500 1137 1532 ratione
1153 1508 1246 1542 quae
1270 1501 1323 1532 eis
1339 1508 1424 1532 cum
1442 1501 1549 1542 pacto
1575 1500 1642 1540 (ΙΙΙ)

59 1556 260 1599 intercedit,
283 1555 327 1589 cf.
353 1557 426 1589 not.
445 1559 477 1598 8,
507 1555 552 1588 de
577 1558 741 1598 tempore
765 1556 859 1588 tituli
886 1558 958 1589 not.
978 1559 1008 1590 3.
1126 1560 1145 1589 2
1177 1557 1389 1598 cognomen
1412 1558 1471 1589 hic
1494 1556 1642 1599 quidem

60 1615 180 1647 totum
203 1613 396 1655 intercidit,
420 1623 455 1646 v.
474 1616 516 1646 2⁵
542 1621 630 1646 vero
657 1613 824 1647 mutilum
850 1616 915 1647 est.
956 1615 1090 1647 Tamen
1114 1615 1159 1647 de
1183 1615 1375 1657 scriptura,
1400 1615 1437 1647 in
1458 1624 1531 1657 qua
1555 1623 1643 1647 con·

60 1679 150 1705 sona
171 1681 193 1704 v
214 1671 309 1704 inter
323 1671 470 1704 vocales
494 1671 686 1713 omittitur,
712 1680 782 1704 non
800 1674 855 1704 est
871 1672 1123 1705 dubitandum.
1165 1672 1322 1705 Eandem
1340 1672 1453 1705 habes
1470 1681 1503 1704 n.
1520 1674 1595 1713 ⁴39,
1611 1675 1643 1713 5,

0 1746 2 1748 v
55 1723 203 1763 ‘onmia
224 1737 260 1762 n.
278 1730 355 1770 ⁴5⁶,
373 1731 428 1761 57.
467 1728 544 1761 Alia
569 1724 756 1770 (Ὄκξιάϊος,
782 1725 986 1772 Νοέμβριος,
1011 1726 1170 1770 Baium,
1187 1726 1348 1771 Βοῒανόν,
1365 1726 1533 1770 Φαώνιος)
1558 1738 1643 1761 con-

18 1815 20 1818 .
60 1786 154 1832 gessi
177 1785 330 1819 Hermae
349 1785 393 1818 v1
417 1794 451 1828 p.
471 1788 547 1819 305.
666 1788 684 1817 3
717 1786 817 1819 Duos
841 1786 880 1824 Q.
899 1787 1036 1819 Mucios
1054 1786 1246 1819 scaevolas
1270 1786 1392 1819 Asiam
1418 1787 1642 1828 provinciam

0 1842 25 1889 2ss
57 1843 207 1885 rexisse,
238 1846 276 1876 et
304 1844 502 1885 utrumque
532 1843 792 1885 quidem>2ante
821 1845 1066 1886 consulatum,
1102 1845 1255 1877 constat.
1304 1843 1355 1876 Ex
1387 1843 1523 1885 quibus
1556 1845 1644 1876 natu

58 1901 233 1934 maiorem
264 1901 348 1942 (cos.
374 1903 438 1932 ΗΊ
465 1909 496 1933 a.
522 1900 603 1933 Chr.
628 1902 673 1941 n.)
707 1901 852 1934 circiter
881 1911 913 1934 a.
940 1904 1004 1933 ⁴20
1032 1911 1062 1934 a.
1089 1901 1169 1934 Chr.
1196 1910 1241 1942 n.‚
1275 1901 1455 1933 minorem
1489 1901 1573 1941 (cos.
1599 1904 1642 1933 95

7 1956 30 2001 {2
59 1966 91 1991 a.
107 1957 203 1999 Chr.)
227 1957 299 1991 fere
323 1960 367 1990 98
392 1966 422 1991 a.
440 1957 522 1991 Chr.
540 1967 574 1990 n.
600 1959 805 2000 praetorem
830 1959 866 1991 in
883 1958 966 1991 Asia
991 1958 1101 1991 fuisse
1125 1958 1390 1991 demonstravit
1405 1957 1462 1990 W.
1480 1957 1520 1990 Η.
1534 1957 1643 1990 Wad-

0 2052 30 2140 ξ

0 2130 37 2174 'ff

0 2179 26 2196 ἡ

5 2214 19 2234 -ἴ

0 2233 24 2314 Ξ

5 2316 19 2328 ς,

3 2332 26 2339 Α»

10 2349 26 2367 Γ.

9 2377 20 2402 ἒ

11 2418 23 2430 ἰ

0 2422 22 2596 ἒ

7 2693 27 2731 3<

11 2732 30 2759 .ss

4 2366 17 2377 k

4 2398 16 2411 ‹-

3 2662 14 2683 ἶ.

29 2862 35 2875 ε’

7 2839 30 2922 Ξ

57 2015 208 2058 dington
230 2015 352 2048 Fastes
376 2015 440 2048 des
463 2016 656 2058 provinces
680 2016 884 2058 Asiatiques
908 2016 952 2049 de
977 2015 1139 2058 l'empire
1163 2016 1267 2048 Rom.
1294 2025 1327 2048 n.
1348 2017 1379 2048 Ιι.
1405 2019 1435 2048 7.
1477 2015 1560 2048 Uter
1583 2015 1643 2048 hic

58 2072 317 2115 designaretur,
341 2081 383 2106 ea
406 2073 555 2115 quidem
580 2082 619 2105 re
642 2072 783 2106 definiri
806 2075 950 2116 negavit
974 2074 1037 2107 Th.
1054 2074 1257 2107 Mommsen
1282 2073 1379 2116 apud
1403 2073 1643 2115 Frankelium‚

59 2130 159 2172 qnod
181 2127 374 2167 ἀνθύπατος
398 2130 539 2163 audiret
562 2131 632 2172 hic,
657 2139 742 2163 cum
767 2131 852 2164 alibi
869 2131 938 2164 hoc
955 2132 1105 2164 honoris
1122 2130 1342 2163 vocabulum
1365 2140 1439 2163 non
1464 2131 1644 2172 legeretur

6 2198 27 2222 μή
60 2187 130 2220 nisi
152 2187 199 2220 de
222 2188 364 2221 minore
389 2190 475 2221 natu
498 2197 543 2220 ex
560 2188 630 2220 illis
645 2188 791 2221 duobus
815 2189 902 2230 (Liv.
924 2189 1093 2222 Periocha
1121 2189 1230 2222 Lxx:
1256 2186 1296 2221 P.
1316 2187 1644 2232 Rutilius—lequ-

59 2246 118 2278 Μ
142 2242 183 2285 Q.
200 2241 305 2279 Μ
320 2243 560 2288 proconsuli-3.
608 2245 702 2278 Infra
726 2255 761 2278 n.
780 2248 856 2287 ⁴39,
876 2249 907 2278 6.
927 2248 944 2277 7
979 2245 1187 2291 [crp‘zmhov
1218 2244 1412 2279 ἀνθύπατον
1438 2241 1642 2289 Ῥωμαίων).

58 2301 152 2335 Nam
178 2302 247 2334 hoc
270 2302 315 2335 ad
338 2311 481 2335 merum
505 2311 630 2335 casum
655 2302 784 2344 redire,
810 2303 1106 2345 quandoquidem
1131 2303 1168 2335 in
1183 2302 1289 2335 Asiae
1307 2303 1516 2344 provinciae
1540 2312 1643 2344 prae-

61 2358 140 2392 side
174 2360 252 2391 tum
288 2359 463 2401 temporis
499 2360 692 2401 appellatio
730 2360 958 2401 proconsulis
994 2369 1066 2392 non
1091 2361 1213 2392 minus
1249 2360 1382 2392 usitata
1417 2362 1452 2392 et
1484 2360 1643 2401 legitima

60 2414 188 2449 fuisset
210 2425 321 2458 quam
345 2417 534 2458 praetoris.
574 2416 624 2449 Cf.
650 2417 751 2449 Rom.
768 2417 990 2450 Staatsrecht
1007 2415 1059 2449 ΙΙ*
1083 2426 1117 2459 p.
1134 2419 1198 2449 6¹08
1225 2418 1299 2449 not.
1318 2419 1349 2449 l.
1368 2419 1399 2449 2.
1440 2417 1487 2449 At
1509 2418 1644 2449 Mucio·

61 2481 144 2505 rum
167 2472 276 2506 leriae
299 2474 382 2514 (not.
401 2474 443 2514 8),
468 2482 560 2514 quas
585 2473 629 2506 ad
647 2474 842 2506 Scaevolae
858 2476 945 2507 natu
970 2474 1122 2506 minoris
1143 2474 1442 2516 proconsulatum
1460 2476 1644 2516 spectasse

62 2529 338 2563 Pseudoasconii
383 2531 589 2562 testimonio
633 2532 784 2571 constat,
829 2530 990 2564 dubitari
1034 2540 1106 2564 non
1148 2531 1271 2563 sinunt-
1306 2531 1393 2572 quin
1431 2531 1540 2563 huius
1573 2531 1644 2563 sint

62 2587 237 2629 epistulae
253 2596 344 2629 quas
362 2588 421 2619 hic
444 2587 631 2620 habemus.
740 2589 758 2619 4
790 2588 904 2620 Acute
920 2588 1104 2630 supplevit
1121 2589 1276 2621 Foucart
1299 2597 1344 2620 ex
1369 2597 1402 2620 n.
1423 2590 1498 2629 438,
1518 2591 1549 2620 2.
1568 2591 1585 2618 3
1608 2590 1644 2619 et

62 2643 169 2677 titulo
186 2644 403 2686 Pergameno
427 2653 536 2686 quem
561 2645 635 2677 illic
658 2645 775 2678 attuli.
816 2645 855 2677 ld
879 2654 993 2677 unum
1010 2645 1178 2687 displicet
1201 2646 1237 2678 in
1262 2646 1341 2677 eius
1359 2645 1516 2686 invento,
1543 2645 1643 2686 quod

64 2701 147 2733 ante
171 2699 205 2733 ἐν
229 2701 274 2747 τῇ
299 2699 396 2746 φιλίᾳ
419 2701 558 2734 addidit
579 2696 653 2734 zat*
670 2700 784 2746 ἄνδρα.
833 2701 873 2734 Id
896 2710 982 2734 sane
1006 2703 1043 2734 in
1068 2702 1137 2734 illis
1168 2710 1261 2743 quos
1286 2702 1396 2733 modo
1419 2709 1643 2733 commemo-

66 2758 143 2789 ravi
167 2757 281 2790 titulis
305 2758 445 2799 legitur,
478 2767 595 2800 neque
618 2767 706 2791 vero
731 2759 805 2791 illic
829 2758 873 2791 ad
898 2759 1058 2800 populos
1082 2761 1119 2790 et
1149 2761 1273 2800 gentes
1297 2758 1461 2798 refertur,
1493 2757 1557 2789 sed
1586 2757 1643 2788 his

65 2813 309 2856 adiunguntur
332 2815 366 2846 ei
389 2816 453 2856 qui
472 2817 655 2857 praeterea
679 2814 822 2849 viritim
846 2816 882 2848 in
907 2816 1103 2848 amicitiam
1121 2816 1367 2848 Romanorum
1392 2814 1527 2854 recepti
1546 2815 1643 2845 sunt.

67 2869 184 2909 Quare
207 2874 358 2914 apparet
380 2873 413 2904 ei
438 2873 682 2906 additamento
706 2873 766 2905 hic
789 2873 911 2905 locum
946 2882 1017 2905 non
1041 2881 1132 2913 esse,
1164 2872 1376 2913 praesertim
1408 2879 1492 2901 cum
1525 2878 1643 2911 neque

66 2926 126 2960 hic
148 2936 266 2969 neque
290 2938 324 2961 v.
341 2931 383 2960 27
409 2930 566 2971 spatium
591 2930 623 2962 ei
648 2929 849 2971 supplendo
875 2929 1040 2961 sufficiat.
