1858 3126
207 129 262 169 62
444 128 532 160 VIII.
570 127 717 170 Imperii
742 127 894 160 Romani
919 127 1127 169 provinciae
1153 127 1356 161 orientales.
1405 130 1437 161 4.
1462 127 1555 162 Asia.
1667 128 1795 170 [459—
1856 134 1858 168 ζ

529 275 572 307 20
599 262 720 311 Γάϊος
752 261 914 318 Καῖσαρ
945 262 988 304 τὸ
1021 263 1233 320 δεό[τερον]
1421 267 1473 306 48

597 331 762 388 Καῖσαρ
792 330 835 373 τὸ
867 332 1050 388 τέταρτον
1423 335 1474 375 49

599 400 740 456 Ζήνων
773 399 1017 442 Μυωνί8005
1419 404 1473 445 20

598 468 821 525 Εἰρηνίοις6
847 466 1119 525 Ἐπικράτ[ου]
1421 472 1466 513 24

956 551 1043 579 vac.

206 655 364 696 Limyris
389 654 519 696 Lyciae
544 663 574 686 a.
602 655 619 686 4
639 663 674 696 p.
693 653 773 686 Chr.
799 653 958 685 Velleius
976 654 1016 695 ΙΙ,
1037 656 1114 685 402.
1157 653 1302 686 Cassius
1318 653 1384 686 Dio
1401 653 1470 695 LV,
1489 656 1530 685 40
1545 662 1580 696 α,
1597 656 1629 686 9.
1666 653 1702 685 C.
1716 653 1740 685 1.
1759 653 1795 685 L.

205 711 264 754 XI,
285 713 384 744 4424.
416 711 506 753 XIV,
525 713 625 753 2804,
660 719 752 752 quae
778 711 987 743 testimonia
1011 710 1115 743 affert
1139 711 1279 744 Dessau
1301 710 1323 743 l.
1349 711 1370 744 l.
1420 712 1494 744 Iam
1520 719 1656 743 annum
1686 710 1796 742 huius

206 768 371 802 laterculi
396 768 746 810 duodevigesimum,
781 777 854 810 quo
889 769 1021 800 iterum
1047 767 1092 801 ab
1117 768 1339 801 Heracleotis
1364 768 1472 801 Gaius
1498 768 1628 801 Caesar
1653 767 1797 809 stepha-

206 826 392 868 nephorus
417 826 561 858 creatus
587 826 643 867 sit,
669 834 740 858 non
766 825 1007 867 posteriorem
1032 833 1113 858 esse
1138 817 1248 867 quam
1275 827 1292 857 4
1318 834 1353 867 p.
1373 825 1454 858 Chr.
1471 834 1506 857 n.
1530 825 1662 867 sponte
1685 825 1796 866 patet.

206 882 259 915 Ex
284 883 395 916 altera
420 883 523 924 parte
547 883 610 915 vix
635 882 807 915 credibile
832 883 897 924 est,
930 883 1059 915 Gaium
1092 884 1287 925 antequam
1319 891 1404 915 cum
1428 883 1582 924 imperio
1613 882 1650 914 in
1674 881 1797 914 Asiam

206 940 357 982 veniret,
392 940 553 982 primum
586 948 629 972 eo
662 940 802 972 honore
835 949 855 972 a
887 940 1034 972 civitate
1058 938 1191 972 Asiana
1222 940 1392 972 ornatum
1421 947 1512 972 esse.
1561 938 1679 977 Quare
1709 938 1798 980 quin

207 1006 323 1030 annus
349 998 527 1040 septimus
546 997 709 1030 decimus
734 999 797 1030 aut
817 1000 828 1029 4
852 998 915 1030 aut
932 999 951 1028 2
970 998 1033 1030 aut
1050 999 1079 1039 3,
1107 996 1426 1038 duodevigesimus
1452 998 1515 1029 aut
1543 999 1562 1028 2
1581 998 1643 1029 aut
1662 998 1679 1028 3
1699 997 1761 1028 aut
1778 997 1796 1027 4

206 1063 242 1096 p.
260 1054 340 1087 Chr.
359 1064 392 1087 n.
419 1055 466 1087 sit
489 1063 562 1087 non
578 1054 722 1087 videtur
739 1054 903 1087 dubium.
944 1053 1026 1087 Non
1049 1055 1144 1087 serio
1170 1054 1371 1096 principem
1396 1054 1536 1095 negotia
1564 1053 1799 1095 magistratus

208 1112 439 1154 municipalis
464 1113 501 1145 in
526 1120 565 1145 se
598 1112 814 1154 suscepisse,
847 1113 889 1143 ut
919 1112 1132 1153 neutiquam
1163 1111 1350 1144 obstarent
1382 1111 1642 1153 occupationes
1674 1110 1799 1152 Syriae

208 1169 474 1211 Armeniaeque
506 1169 703 1211 quominus
735 1177 800 1210 per
830 1168 890 1201 illa
919 1170 1084 1210 tempore
1110 1168 1219 1201 Gaius
1252 1168 1584 1210 stephanephorum
1610 1167 1799 1200 Heracleo-

208 1228 328 1259 tarum
355 1235 393 1259 se
418 1226 593 1269 appellari
624 1227 820 1269 pateretur,
854 1226 914 1258 vix
945 1226 1000 1258 est
1030 1225 1131 1267 quod
1160 1233 1340 1258 moneam.
1460 1228 1480 1258 5
1512 1224 1655 1258 Nomen
1677 1221 1799 1267 Μύων,

207 1283 305 1316 unde
330 1284 400 1316 hoc
425 1283 620 1326 descendit,
647 1292 731 1316 cum
750 1283 835 1316 alibi
853 1283 927 1315 fere
943 1283 1149 1316 inauditum
1167 1283 1223 1325 sit,
1250 1282 1347 1316 haud
1370 1282 1617 1325 infrequenter
1642 1282 1801 1315 occurrit

209 1341 246 1373 in
277 1341 392 1374 Caria.
441 1341 491 1374 Cf.
517 1341 553 1374 C.
579 1342 603 1374 1.
628 1342 667 1375 G.
691 1343 793 1383 2754,
818 1344 848 1373 2.
881 1341 1009 1383 27741,
1037 1343 1066 1373 4.
1085 1343 1116 1373 2.
1143 1341 1184 1383 11,
1202 1343 1233 1373 2.
1270 1342 1371 1383 2772,
1396 1342 1427 1374 3.
1459 1342 1560 1382 2845,
1581 1341 1611 1373 4.
1646 1341 1746 1381 2826,
1768 1341 1799 1372 2.

211 1398 325 1431 Paton
349 1400 384 1431 et
408 1398 518 1431 Hicks
543 1399 654 1432 Inscr.
674 1398 712 1431 of
726 1399 794 1431 Cos
820 1407 854 1440 p.
875 1401 939 1430 405
966 1408 998 1431 n.
1020 1401 1072 1440 47,
1088 1401 1119 1431 4.
1167 1399 1258 1430 Item
1282 1399 1404 1440 ipsum
1421 1394 1607 1442 Μυωνίδης
1632 1397 1669 1430 in
1685 1396 1800 1429 titulis

209 1455 353 1488 illarum
378 1456 567 1497 regionum
593 1456 705 1489 habes
731 1456 766 1488 C.
790 1456 815 1488 1.
839 1456 876 1487 G.
902 1458 1001 1497 2859,
1029 1459 1059 1488 5.
1101 1457 1210 1488 Inscr.
1237 1456 1295 1488 Gr.
1322 1464 1410 1488 mar.
1435 1455 1520 1497 Aeg.
1544 1455 1560 1486 1
1584 1463 1618 1487 n.
1644 1455 1698 1496 46,
1724 1456 1800 1486 372.

213 1515 254 1544 72
270 1511 299 1555 b,
327 1515 378 1545 44.
406 1515 461 1546 43.
496 1515 572 1556 854,
598 1516 629 1546 2.
681 1512 1057 1554 Lebas-Waddington
1093 1513 1202 1545 Inscr.
1229 1513 1286 1555 ΙΙΙ,
1315 1515 1391 1555 330,
1418 1515 1472 1545 43.
1530 1511 1608 1545 Alia
1636 1511 1801 1553 exempla

212 1569 316 1603 affert
332 1569 583 1603 Haussoullier
608 1579 642 1612 p.
662 1573 740 1603 294.
851 1573 869 1602 6
905 1570 995 1603 Cum
1013 1567 1196 1614 Εἰρηναῖος
1221 1570 1315 1602 inter
1337 1569 1629 1612 frequentissima
1653 1570 1801 1602 nomina

212 1627 268 1669 sit,
300 1624 461 1672 Εἰρηνίας
493 1636 653 1670 perraro,
691 1627 756 1660 sed
793 1627 891 1670 apud
923 1628 1112 1669 proximos
1146 1627 1440 1660 Heracleotarum
1471 1627 1611 1660 vicinos
1643 1626 1800 1659 Milesios

212 1685 382 1717 occurrit.
432 1684 480 1717 Cf.
507 1684 611 1727 Sy11.2
627 1687 704 1727 344,
724 1687 760 1717 44
793 1693 877 1716 cum
904 1686 979 1717 not:
999 1687 1028 1717 3.

297 1871 390 1915 460
431 1875 552 1927 Lapis
582 1874 860 1914 inaedificatus
900 1875 952 1913 ad
984 1874 1149 1925 fontem,
1189 1874 1417 1925 Magnesiae
1452 1874 1505 1913 ad
1537 1873 1719 1926 Sipylum
1755 1873 1798 1912 in

211 1943 380 1982 introitu
409 1944 521 1982 urbis
551 1955 682 1995 prope
713 1944 1012 1983 coemeterium.
1064 1944 1126 1982 Ex
1145 1943 1294 1994 Dugitii
1314 1941 1553 1995 apographo
1575 1942 1636 1982 ed.
1659 1943 1722 1981 W.
1747 1941 1795 1980 H.

213 2010 488 2062 Waddington
520 2023 584 2063 ap.
618 2012 750 2051 Lebas
781 2012 903 2052 Inscr.
927 2012 979 2050 III
1003 2012 1110 2051 4660
1128 2023 1167 2051 α.

319 2120 365 2165 Ὁ
403 2125 529 2178 δῆμος
568 2122 573 2178 Ι
613 2122 832 2165 Μεσσάλαν
874 2122 1078 2177 Ποτῖτονῑ,
1121 2123 1399 2179 ἀνθύπαΙτονῖ,
1441 2120 1690 2179 πάτρ(ω)νοι3
1729 2120 1797 2164 καὶ

327 2192 538 2248 εὐεργέτην
573 2192 578 2249 Ι
612 2190 681 2235 διὰ
713 2194 917 2249 προγόνων
948 2197 1018 2248 τῆς
1048 2195 1216 2240 πόλεως.

305 2325 460 2357 Litterae
486 2325 599 2357 ΘΠΣ.
718 2327 730 2356 4
764 2324 928 2358 Cassium
953 2325 1105 2358 Dionem
1137 2325 1181 2357 de
1206 2333 1299 2358 anno
1324 2327 1366 2356 29
1392 2333 1422 2357 a.
1442 2323 1523 2356 Chr.
1546 2333 1579 2356 n.
1605 2323 1695 2356 haec
1718 2331 1798 2356 nar-

213 2390 294 2415 rare
317 2381 369 2422 LI,
389 2384 442 2423 24,
462 2384 492 2414 4;
523 2383 584 2414 τοῦ
610 2380 647 2414 δὲ
671 2380 714 2425 δὴ
740 2379 863 2427 θέρους
895 2380 929 2419 ἔς
959 2393 996 2414 τε
1020 2381 1082 2427 τὴν
1103 2377 1252 2416 Ἑλλάὸἆ
1276 2380 1333 2414 καὶ
1359 2379 1394 2418 ἐς
1417 2380 1480 2426 τὴν
1497 2376 1641 2414 Ἰταλίαν
1667 2378 1685 2413 ὁ
1709 2376 1799 2414 Καῖ-

213 2447 275 2482 σαρ
302 2434 510 2482 ἐπεραιώθη,
542 2436 601 2470 καὶ
625 2436 726 2471 αὐτοῦ
759 2438 794 2476 ἐς
824 2437 885 2482 τὴν
916 2437 1013 2472 πόλιν
1048 2437 1245 2475 ἐσελθόντος
1270 2436 1304 2472 οἵ
1334 2449 1370 2471 τε
1395 2436 1494 2471 ἄλλοι
1519 2435 1655 2479 ἔθυσαν,
1686 2436 1798 2482 ὥσπερ

212 2492 355 2542 εἴρηται,
379 2493 438 2528 καὶ
463 2492 481 2527 ὁ
507 2492 632 2532 ὕπατος
657 2492 842 2540 Οὐαλέριος
861 2493 1023 2533 Ποτῖτος·
1049 2494 1180 2533 ἐκεῖνος
1206 2495 1414 2537 (Augustus)
1441 2494 1503 2539 μὲν
1528 2492 1590 2540 γὰρ
1615 2492 1675 2527 καὶ
1697 2495 1798 2527 τοῦτο

211 2554 278 2586 πᾶν
302 2551 341 2585 τὸ
367 2550 453 2595 ἔτος,
485 2551 597 2597 ὥσπερ
629 2551 688 2585 καὶ
711 2550 754 2584 τὰ
779 2550 838 2585 δύο
870 2551 913 2586 τὰ
937 2551 1093 2599 πρότερα,
1126 2550 1304 2595 ὑπάτευσε,
1336 2550 1394 2585 τὸν
1420 2550 1458 2584 δὲ
1483 2549 1525 2595 δὴ
1551 2547 1673 2589 Σέξτον
1708 2551 1798 2593 (Sex.

212 2609 412 2652 Appuleius
443 2609 572 2642 consul
602 2609 805 2642 ordinarius
839 2610 935 2643 illius
961 2611 1055 2652 anni,
1087 2610 1131 2643 cf.
1157 2619 1189 2643 n.
1211 2609 1285 2650 464)
1319 2607 1336 2642 ὁ
1362 2606 1505 2645 Ποτῖτος
1536 2606 1705 2648 διεδέξατο
1734 2608 1798 2642 ob-

213 2668 360 2700 servant
384 2667 556 2709 Borghesi
581 2667 669 2708 Opp.
696 2667 710 2698 I
735 2675 768 2708 p.
790 2668 855 2699 442
889 2668 925 2699 et
948 2667 1192 2709 Waddington
1224 2667 1345 2699 Fastes
1375 2665 1439 2698 des
1464 2674 1567 2708 prov.
1592 2666 1797 2708 Asiatiques

214 2724 258 2757 de
282 2721 401 2766 l'emp.
417 2723 519 2757 Rom.
545 2733 579 2756 n.
598 2725 651 2756 52,
692 2723 738 2756 At
761 2721 872 2756 fastos
889 2723 1092 2757 Venusinus
1115 2724 1277 2765 aliosque
1293 2723 1486 2756 nonnullos
1512 2722 1566 2764 (cf.
1583 2723 1797 2765 Prosopogr.

212 2782 299 2824 imp.
317 2782 418 2815 Rom.
437 2782 483 2813 ΙΙΙ
507 2790 541 2824 p.
561 2783 624 2813 370
651 2789 684 2813 n.
705 2780 757 2821 94)
784 2781 827 2813 Μ.
845 2780 1029 2814 Valerium
1060 2789 1134 2813 cos.
1161 2779 1354 2813 suffectum
1385 2789 1478 2813 anno
1506 2783 1547 2812 32
1574 2790 1604 2813 a.
1629 2780 1709 2813 Chr.
1742 2789 1797 2812 re-

213 2846 371 2872 censere.
419 2838 498 2877 Quo
525 2839 562 2871 in
586 2838 754 2871 dissensu
777 2838 867 2879 quid
890 2847 1018 2870 verum
1052 2838 1098 2870 sit
1123 2837 1331 2879 perdifficile
1356 2838 1412 2869 est
1435 2837 1593 2869 definire.
1640 2837 1798 2879 Borghe-

214 2896 290 2929 sius
314 2896 463 2938 quidem
487 2903 627 2929 errasse
653 2895 779 2929 statuit
803 2895 965 2937 Dionem,
1001 2896 1068 2928 etsi
1093 2895 1293 2937 permirum
1327 2894 1506 2927 eiusmodi
1531 2903 1693 2927 errorem
1717 2902 1797 2927 esse
