1858 3126
199 125 283 165 256
387 123 477 155 VIII.
515 123 662 165 Imperii
684 123 837 156 Romani
861 124 1074 166 provinciae
1098 124 1300 158 orientales.
1351 126 1382 158 4.
1406 126 1520 168 Lycia
1544 128 1613 160 etc.
1705 127 1785 170 [670

202 270 333 295 nomen
359 261 420 294 illo
445 262 612 302 tempore
635 261 672 294 in
689 261 799 304 LycIa
823 271 1001 295 consonas
1027 273 1045 294 σ
1069 264 1106 295 et
1129 260 1150 295 λ
1173 263 1357 305 simplices
1373 263 1519 306 habere,
1544 273 1629 297 cum
1647 265 1787 307 antiqui

197 320 294 352 illIus
312 319 437 352 Cariae
454 319 630 361 dynastae
647 328 780 352 nomen
797 320 832 351 in
851 320 1099 353 monumentis
1117 320 1331 362 aequalibus
1347 317 1586 358 Μαύσσωλλος
1603 321 1788 355 scribatur

197 375 312 418 (Syll.2
329 379 382 419 95,
401 379 420 408 2
434 385 514 418 sqq.
541 379 595 419 96,
615 379 645 409 3.
672 378 749 419 407,
765 379 795 409 2.
818 379 868 409 45.
896 379 973 419 460,
994 378 1035 418 6).
1155 379 1173 408 3
1205 378 1257 409 De
1273 377 1476 411 alabarchis
1494 387 1559 420 per
1575 379 1643 412 tria
1661 379 1785 421 proxi-

196 443 255 466 ma
284 434 428 466 saecula
453 434 635 476 permulta
659 434 795 476 scripta
820 436 914 476 sunt,
939 434 1003 467 sed
1028 434 1202 476 pleraque
1225 444 1320 468 nunc
1349 435 1486 477 neglegi
1516 437 1672 478 possunt
1699 437 1786 478 quia

196 491 481 533 proficiscuntur
520 491 567 524 ab
602 500 725 524 errore
773 491 973 524 manifesto.
1033 492 1174 524 Etenim
1219 495 1475 534 persuaserant
1515 493 1586 526 sibi
1620 494 1787 527 homines

197 548 305 591 docti,
330 549 376 581 ab
400 549 555 591 Iosepho
582 549 655 581 hoc
678 549 823 582 nomine
848 549 1041 591 significari
1059 550 1260 591 principem
1288 547 1484 596 (ἐθνάρχην)
1509 551 1726 584 Iudaeorum
1749 552 1786 583 in

195 606 361 648 Aegypto
392 606 647 639 habitantium.
694 606 740 639 At
771 607 843 639 hoc
876 607 1047 639 refutavit
1079 607 1116 639 E.
1142 607 1299 639 Schiirer
1324 607 1529 640 zeitschrift
1553 607 1611 641 tur
1635 609 1787 642 wissen-

197 664 408 696 schaftliche
445 664 637 705 Theologie
673 664 785 697 XVIII
811 666 899 696 4875
933 673 965 705 p.
986 667 1026 696 43
1042 673 1132 706 sqq.,
1171 674 1255 697 cum
1294 664 1560 698 demonstraret
1595 665 1640 698 de
1677 665 1785 699 officii

195 723 325 754 natura
356 721 504 762 quidem
536 722 624 754 nihil
657 722 805 754 omnino
838 723 1026 754 enuntiare
1063 722 1282 763 scriptorem
1293 731 1301 763 ;
1347 722 1446 764 quod
1478 731 1564 755 vero
1590 723 1785 756 nonnullos

196 778 349 811 Iudaeos
397 787 440 811 eo
489 778 633 811 functos
673 787 752 811 esse
793 781 988 811 testaretur
1028 779 1280 818 (Alexandrum
1320 779 1399 812 Ant.
1440 779 1564 822 XVIII,
1595 782 1671 813 459.
1706 783 1784 813 259.

194 835 287 877 XIX,
306 837 383 867 276.
408 836 485 878 XX,
505 839 581 877 400,
599 836 825 868 Demetrium
842 835 922 868 Ant.
939 836 1015 878 XX,
1035 836 1124 877 447),
1150 837 1284 868 nullius
1302 837 1477 868 momenti
1494 845 1585 879 esse,
1603 837 1785 879 siquidem

195 892 347 925 Iudaeos
393 893 502 925 etiam
550 893 694 925 aliunde
740 894 924 926 constaret
963 892 1170 926 interfuisse
1211 893 1516 926 administrationi
1555 894 1787 936 publicarum

195 958 318 982 rerum
357 951 393 982 in
417 950 581 992 Aegypto
606 959 650 983 ac
674 951 832 983 maxime
857 950 1005 992 quidem
1030 948 1335 992 pecuniarIarum.
1383 950 1572 984 Eiusmodi
1596 960 1684 983 vero
1710 961 1787 984 ma-

196 1007 388 1049 gistratum
414 1008 525 1040 fuisse
550 1007 807 1050 alabarchiam,
833 1009 969 1050 quippe
996 1016 1089 1049 quae
1114 1007 1160 1040 ad
1183 1007 1374 1049 vectigalia
1398 1008 1577 1041 mercium
1601 1017 1696 1050 quae
1718 1009 1786 1042 im-

195 1066 429 1108 portarentur
452 1065 510 1097 vel
527 1066 806 1107 exportarentur
822 1064 983 1106 cogenda
1000 1066 1191 1107 spectaret,
1210 1073 1386 1107 apparere
1402 1073 1448 1098 ex
1462 1065 1651 1098 Iustiniani
1666 1066 1786 1100 edicto

195 1121 254 1164 XI,
275 1125 313 1154 2:
347 1120 437 1155 ἀλλὰ
466 1121 525 1156 ’καὶ
557 1120 708 1167 ἀνάγκην
735 1119 846 1160 ἕξουσι
870 1124 980 1155 πᾶσαν
1005 1124 1168 1168 χορηγεῖν
1193 1120 1330 1168 χρυσίον
1354 1124 1454 1155 τοῦτο
1480 1122 1542 1167 μὲν
1567 1123 1616 1168 τῷ
1632 1135 1669 1156 τε
1693 1122 1787 1169 παρὰ

194 1175 462 1223 Ἀλεξανδρεῦσιν
501 1177 733 1224 αὐγουσταλίῳ
770 1178 829 1212 καὶ
859 1182 933 1217 τοῖς
964 1178 1054 1212 κατὰ
1083 1178 1200 1224 καιρὸν
1239 1178 1357 1225 ἔχουσι
1385 1178 1449 1224 τήν
1479 1178 1593 1226 ἀρχὴν
1624 1179 1679 1214 ἐπὶ
1709 1183 1787 1218 ταῖς

195 1234 462 1281 συνειθισμὲναις
500 1234 707 1280 ἐκπομπαῖς,
743 1239 844 1270 τοῦτο
881 1235 918 1269 δὲ
953 1235 1003 1282 τῷ
1031 1247 1068 1269 τε
1097 1239 1156 1269 νῦν
1186 1235 1275 1270 κατὰ
1305 1236 1423 1283 καιρὸν
1455 1235 1638 1286 ἀλαβάρχῃ
1669 1237 1720 1283 τῷ
1749 1249 1787 1271 τε

194 1293 408 1340 πραιποσίτῳ
438 1299 506 1328 τῶν
537 1293 638 1328 θείων
668 1293 768 1339 ἡμῶν
802 1293 987 1339 θησαυρῶν
1019 1292 1116 1327 οὐδὲν
1143 1293 1303 1341 διάφορον
1328 1293 1413 1339 ὑπὲρ
1439 1293 1585 1341 ὀβρύζης
1609 1295 1787 1333 παντελῶς

195 1350 428 1396 κομιζόμενοι.
478 1361 508 1385 c.
528 1355 546 1384 3
580 1350 631 1385 ὅτι
660 1363 723 1396 περ
755 1350 787 1384 εἴ
815 1363 848 1384 τι
878 1354 1015 1397 φανεῖεν
1046 1350 1131 1397 ὑπὲρ
1162 1349 1309 1398 ὀβρύζης
1337 1350 1581 1397 ἀπαιτηθέντες
1611 1350 1635 1398 ἢ
1661 1351 1694 1386 οἱ
1716 1357 1785 1386 τῶν

195 1407 297 1443 θείων
329 1407 428 1454 ἡμῶν
459 1414 670 1455 προεστῶτες
700 1407 922 1455 ἀλαβαρχιῶν
947 1406 969 1453 ἢ
997 1407 1014 1442 ὁ
1039 1413 1107 1441 τῶν
1133 1407 1235 1443 θείων
1259 1407 1362 1453 ἡμῶν
1385 1407 1614 1455 λαργιτιώνων
1639 1409 1786 1455 πραιπό-

195 1477 296 1509 σιτος,
328 1464 465 1500 οἴκοθεν
490 1465 735 1511 καταθήσουσι.
783 1467 883 1499 Idem
909 1466 1040 1508 probat
1065 1467 1284 1509 rescriptum
1309 1467 1469 1500 Gratiani
1493 1469 1530 1500 et
1545 1467 1786 1501 ValentinIani

196 1525 232 1556 et
262 1523 456 1556 Theodosii
486 1523 735 1565 Augustorum
768 1524 850 1557 anni
883 1526 943 1556 384
974 1533 1008 1565 p.
1027 1524 1109 1556 Chr.
1158 1524 1242 1556 Cod.
1269 1524 1447 1557 Theodos.
1465 1524 1522 1567 IV,
1544 1527 1597 1567 42,
1616 1528 1647 1558 9.
1697 1525 1783 1558 Cod.

195 1581 283 1613 Iust.
301 1581 358 1623 IV,
379 1583 432 1622 64,
451 1584 486 1614 9;
513 1579 790 1625 usurpationem
815 1579 924 1614 totius
948 1579 1115 1614 licentiae
1137 1579 1389 1614 submovemus
1412 1579 1512 1615 circa
1535 1580 1685 1626 vectiqal
1707 1581 1785 1616 ala-

195 1636 366 1672 barchiae
390 1648 458 1682 per
482 1637 685 1682 Aeqyptum
714 1640 819 1682 atque
841 1636 1175 1682 Auyustamnieam
1206 1636 1451 1681 constitutum,
1481 1636 1647 1682 nihilque
1675 1649 1786 1684 super

196 1694 468 1730 transductione
497 1694 735 1738 animalium,
767 1705 858 1739 quae
880 1694 962 1739 sine
979 1694 1208 1739 praebitione
1230 1694 1339 1729 solita
1361 1693 1519 1730 minime
1537 1695 1783 1740 permittenda
1856 1703 1858 1706 ⁴

195 1755 254 1796 est,
286 1751 482 1787 temeritate
513 1763 580 1797 per
614 1751 802 1787 licentiam
838 1751 1027 1787 vindicari
1060 1751 1298 1787 comedimus.
1359 1753 1587 1792 Quibuscum
1623 1754 1783 1797 perbene

194 1812 376 1853 convenit,
402 1811 502 1853 quod
526 1811 803 1844 alabarcharum
829 1811 1023 1853 aliquando
1049 1819 1115 1853 per
1135 1812 1387 1853 contemptum
1404 1812 1539 1844 mentio
1557 1811 1608 1854 fit,
1632 1813 1675 1845 ut
1691 1812 1784 1845 sole-

194 1867 283 1902 bant
318 1869 382 1911 qui
418 1869 609 1910 vectigalia
644 1868 836 1910 exigebant
871 1868 978 1901 invisi
1011 1870 1047 1901 et
1079 1868 1188 1901 simul
1220 1869 1382 1911 despecti
1413 1877 1493 1902 esse
1524 1869 1681 1909 (luvenal
1711 1870 1782 1903 Sat.

194 1926 219 1968 Ι,
241 1926 316 1967 430)
343 1928 379 1958 et
404 1927 566 1967 ingentes
591 1935 720 1959 eorum
746 1926 895 1959 divitiae
917 1926 1000 1968 plus
1029 1925 1141 1958 semel
1169 1927 1367 1968 tanguntur
1387 1926 1538 1968 (Ioseph.
1555 1925 1678 1968 XVIII,
1699 1929 1782 1959 ⁴59:

195 1980 278 2015 ἔνθα
307 1979 523 2027 Ἀλεξάνδρου
563 1982 668 2016 δεῖται
696 1985 756 2016 τοῦ
788 1981 988 2030 ἀλαβάρχου
1027 1981 1191 2028 μυριάδας
1227 1981 1337 2015 εἴκοσι
1367 1981 1499 2015 δάνειον
1530 1981 1623 2028 αὐτῷ
1655 1981 1782 2016 δοῦναι.

195 2039 272 2081 ΧΧ,
292 2041 356 2071 400
382 2035 598 2086 Ἀλέξανδρος
621 2035 837 2084 Ἀλεξάνδρου
867 2042 949 2076 παῖς
978 2041 1039 2073 τοῦ
1071 2038 1130 2072 καὶ
1158 2037 1463 2086 ἀλαβαρχήσαντος
1495 2038 1530 2072 ἐν
1553 2035 1784 2086 Ἀλεξανδρείᾳ

195 2093 286 2141 γένει
302 2106 339 2128 τε
363 2095 421 2128 ’καὶ
446 2094 583 2140 πλούτῳ
601 2095 860 2140 πρωτεύσαντος
879 2100 946 2129 τῶν
973 2094 1047 2130 ἐκεῖ
1069 2091 1145 2130 καθ’
1165 2094 1276 2130 αὑτόν.
1314 2098 1378 2129 ⁴47
1405 2088 1782 2143 Μαριάμμη-συνῴ-

193 2163 279 2198 κησε
304 2148 491 2197 Δημητρίῳ
521 2157 589 2186 τῶν
625 2151 660 2185 ἐν
685 2149 914 2198 Ἀλεξανδρείᾳ
936 2148 1108 2186 Ἰουδαίων
1141 2151 1350 2197 πρωτεύοντι
1378 2151 1467 2199 γένει
1489 2165 1527 2187 τε
1550 2153 1608 2188 καὶ
1630 2153 1782 2199 πλούτῳ.

194 2210 356 2244 Palladas
381 2210 525 2243 Anthol.
549 2210 619 2243 Pal.
645 2210 704 2252 XI,
731 2213 807 2252 383,
827 2213 858 2244 3.
876 2212 894 2242 4
923 2207 1014 2247 ἐξότε
1045 2208 1109 2255 γὰρ
1132 2209 1191 2243 καὶ
1218 2212 1338 2244 τοῦτον
1368 2209 1444 2244 ὄνον
1474 2209 1626 2258 χαλεπὸς
1655 2210 1781 2257 χρόνος

195 2265 307 2314 ἔσχεν,
339 2265 374 2305 ἐξ
405 2265 639 2313 ἀλαβαρχείης
668 2269 907 2311 γραμματικοῦ
937 2265 1082 2311 γεγόνεν,
1115 2268 1138 2300 i.
1164 2276 1194 2301 e.
1221 2268 1444 2301 dItissimum
1475 2268 1666 2302 dominum
1686 2277 1780 2311 pau-

195 2325 356 2367 perrimo
382 2323 560 2365 mutavit).
608 2324 742 2359 Iniuria
773 2333 859 2357 sane
889 2325 1095 2366 mancipem
1126 2325 1184 2358 vel
1214 2325 1488 2368 redemptorem
1513 2323 1780 2368 (Zoll-Pdohter)

195 2380 426 2414 alabarcham
453 2381 540 2414 dicit
564 2381 720 2413 Schiirer
744 2390 779 2423 p.
797 2383 855 2423 363
882 2390 965 2414 nam
991 2382 1247 2423 magistratum
1270 2383 1394 2425 potius
1418 2383 1465 2415 ab
1482 2383 1703 2425 imperatore
1727 2383 1782 2415 in-

196 2438 366 2471 stitutum
391 2438 502 2471 fuisse
527 2438 688 2471 edictum
706 2439 894 2472 Iustiniani
919 2439 1145 2472 demonstrat
1169 2442 1278 2482 atque
1301 2441 1380 2482 ipse
1397 2441 1477 2473 Sch.
1492 2440 1657 2481 agnoscit
1671 2448 1706 2482 p.
1725 2442 1779 2473 32.

196 2495 265 2528 Sed
289 2504 334 2528 ne
362 2495 473 2528 fiscus
498 2496 775 2539 periclitaretur,
808 2497 993 2539 principes
1021 2497 1351 2539 locupletissimum
1376 2505 1561 2539 quemque
1592 2497 1778 2530 hommem

194 2552 424 2586 alabarcham
448 2553 655 2585 nominasse
680 2556 963 2586 consentaneum
989 2556 1054 2587 est.
1091 2555 1167 2587 Iam
1192 2563 1370 2596 quaenam
1394 2554 1488 2586 ratio
1514 2554 1608 2585 inter
1630 2554 1728 2586 hunc
1744 2555 1782 2587 et

195 2609 433 2643 arabarcham
458 2610 668 2652 intercedat,
694 2619 787 2652 quos
813 2611 872 2643 alii
898 2611 1112 2652 (Lumbroso
1129 2611 1351 2644 Recherches
1368 2619 1402 2652 p.
1417 2611 1482 2642 244
1497 2618 1575 2652 sqq.
1610 2610 1647 2642 Ο.
1667 2610 1779 2643 Seeck

195 2676 251 2710 ap.
281 2666 594 2709 Pauly-Wissowa
631 2667 792 2700 Realenc.
824 2668 849 2710 Ι,
876 2670 889 2699 4
927 2677 960 2710 p.
981 2668 1080 2708 4274)
1119 2668 1371 2709 distinxerunt,
1410 2675 1495 2699 cum
1526 2667 1585 2699 alii
1610 2667 1779 2710 (Mahaffy

194 2725 256 2757 the
280 2733 375 2767 emp.
393 2724 513 2763 otthe
531 2724 618 2757 Ptol.
644 2733 677 2766 p.
694 2727 757 2757 357
785 2726 859 2757 not.
874 2727 905 2758 2.
941 2725 1104 2757 Wilcken
1122 2725 1179 2757 Gr.
1198 2724 1379 2757 OstrakaI
1402 2732 1438 2766 p.
1458 2723 1533 2765 350)
1558 2724 1654 2757 Idem
1679 2726 1779 2758 utra-

193 2791 268 2824 que
293 2791 382 2815 voce
407 2781 566 2815 officium
591 2781 741 2814 indicari
767 2784 965 2824 censerent,
990 2782 1095 2814 titulo
1120 2791 1154 2814 n.
1174 2783 1237 2814 674
1264 2782 1411 2814 invento
1436 2790 1508 2814 non
1529 2781 1686 2824 amplius
1711 2781 1778 2814 du-

194 2838 297 2872 bium
322 2841 386 2872 est.
419 2839 561 2872 Etenim
594 2839 785 2872 verissime
809 2839 1018 2872 Wilckenus
1048 2838 1270 2880 observavit,
1300 2839 1379 2871 eius
1411 2840 1665 2887 argumentum
1690 2846 1777 2871 cum

194 2897 372 2939 rescripto
399 2897 557 2930 GratIani
589 2898 625 2929 et
648 2896 887 2930 Valentiniani
919 2898 955 2929 et
979 2896 1183 2938 Theodosii,
1216 2896 1315 2938 quod
1342 2905 1454 2939 supra
1478 2896 1775 2938 commemoravi,
