1858 3126
222 178 304 218 480
858 174 916 207 IX.
952 174 1152 217 Appendix.
1670 175 1725 218 [73
1733 179 1801 209 ⁷—

292 323 311 354 5
333 309 607 366 Ἰδουμαίων3.
640 310 652 367 ΙΙ
681 310 767 352 ἐπεὶ
803 310 995 367 Δωρίων4
1024 313 1045 352 ὁ
1086 311 1302 368 συγγενὴς5
1337 310 1406 353 καὶ
1443 310 1662 367 στρατηγὸς
1694 310 1700 368 Ι
1731 310 1801 353 καὶ

339 378 493 436 ἱερεὺς6
528 382 598 421 τοῦ
635 379 815 436 πλήθους
850 381 927 421 τῶν
961 380 1303 436 μαχαιροφόρων7
1335 379 1340 435 Ι
1374 381 1414 422 ἐν
1450 381 1613 426 πολλοῖς
1643 379 1802 436 εὐεργε-

336 447 467 503 τηκὼς
498 448 683 504 ἐφαίνετο
713 447 782 489 καὶ
811 452 944 503 κοινῆι
975 448 979 503 Ι
1012 447 1080 489 καὶ
1110 445 1193 490 κατ’
1221 447 1322 489 ἰδίαν
1344 449 1522 502 ἕκαστον,
1555 448 1730 505 εὐσεβῶς
1758 463 1801 489 τε

340 516 587 571 διακείμενος
620 515 626 573 Ι
658 515 756 572 πρὸς
785 515 828 558 τὸ
865 516 974 558 θεῖον
1004 516 1221 572 προθύμως
1250 517 1449 572 πεπόηται
1480 513 1579 572 μετὰ
1610 517 1762 572 πολλῆς
1790 514 1803 572 ΙΙ

271 595 311 627 10
337 583 406 627 καὶ
452 585 644 641 δαψιλοῦς
688 583 867 640 δαπάνης
911 586 982 640 τήν
1020 602 1063 626 τε
1104 584 1331 642 καταλιφὴν
1367 583 1437 627 καὶ
1474 583 1480 640 Ι
1520 585 1697 627 κονίασιν
1732 585 1802 626 τοῦ

340 653 589 709 δηλουμένου
630 654 738 710 ἱεροῦ
775 651 960 709 καθάπερ
996 651 1064 695 καὶ
1097 652 1101 709 Ι
1132 656 1232 695 πᾶσι
1271 653 1471 710 πρόδηλόν
1509 653 1634 696 ἐστιν·
1671 651 1802 699 ἔδοξεν

339 719 411 769 τὰς
449 721 518 777 μὲν
556 721 683 769 ἄλλας
722 721 728 778 Ι
770 721 815 769 ἃς
854 721 943 778 ἔχει
977 719 1096 777 τιμὰς
1135 723 1265 777 με’νειν
1308 722 1434 764 αὖτῶι
1470 718 1539 764 διὰ
1580 720 1686 777 βίου·
1733 718 1802 763 καὶ

271 802 310 834 15
339 789 403 833 ἐπὶ
436 789 441 846 Ι
473 792 549 832 τῶν
582 789 626 832 δὲ
658 789 722 832 ἀεὶ
757 791 973 846 γινομένων
1005 791 1154 833 θυσιῶν
1188 789 1519 847 ἀναγορεόΙΙεσθαι
1549 790 1675 832 αότῶι
1703 789 1806 832 θαλ-

339 858 408 901 λὸν
444 856 548 900 κατὰ
586 857 651 900 τὸν
687 857 856 915 πάτριον
893 860 1025 914 νόμον.
1067 858 1072 915 Ι
1111 857 1180 900 καὶ
1218 857 1399 906 ἐπιτάξαι
1433 859 1515 907 τοῖς
1553 859 1702 914 ἱερεῦσι
1735 857 1805 900 καὶ

342 925 622 983 ἱεροψάλταις8
654 927 658 981 Ι
692 926 756 969 ἐπὶ
791 929 869 968 τῶν
910 927 1040 982 ὕμνων
1073 927 1303 983 μεμνῆσθαι
1339 928 1480 970 αὐτοῦ·
1520 926 1580 969 ἔτι
1615 925 1660 968 δὲ
1695 924 1765 968 καὶ
1797 925 1802 981 Ι

226 1044 399 1084 animum,
425 1043 494 1075 nisi
518 1043 598 1084 ipsa
613 1042 741 1074 civitas
766 1042 855 1074 illud
871 1040 1108 1075 decreverat?
1148 1042 1220 1075 Cur
1236 1043 1310 1075 illic
1332 1043 1392 1075 τοῦ
1415 1040 1663 1085 πολιτεύματος
1687 1049 1806 1084 neque

225 1109 313 1133 vero
331 1102 392 1133 τοῦ
410 1098 522 1144 δήμου
540 1099 692 1140 dicatur,
718 1098 869 1131 dubium
887 1101 951 1141 est,
970 1099 1033 1131 sed
1049 1100 1255 1141 putaverim
1271 1100 1353 1133 ideo
1369 1099 1517 1142 factum,
1541 1099 1628 1141 quia
1643 1099 1806 1141 potestas

227 1158 270 1189 de
301 1156 481 1189 eiusmodi
513 1155 623 1188 rebus
654 1155 869 1188 decernendi
900 1164 972 1188 non
1001 1164 1112 1198 penes
1142 1158 1261 1189 totum
1294 1157 1475 1199 populum
1498 1157 1577 1189 tum
1601 1157 1707 1198 esset,
1741 1155 1803 1188 sed

227 1213 498 1255 angustioribus
527 1212 660 1245 finibus
684 1213 970 1254 circumscripta.
1021 1212 1070 1246 Cf.
1095 1213 1304 1246 Aristoteles
1328 1214 1465 1246 Politio.
1483 1213 1540 1256 111,
1559 1215 1591 1255 6,
1609 1215 1697 1246 ⁴278
1708 1212 1744 1255 b,
1764 1215 1804 1244 4ο

225 1270 341 1315 κύριον
364 1269 424 1314 μὲν
440 1268 504 1315 γὰρ
521 1271 695 1315 πανταχοῦ
711 1268 750 1302 τὸ
769 1267 957 1313 πολίτευμα
975 1273 1037 1315 τῆς
1052 1268 1194 1306 πόλεως.
1229 1270 1272 1313 V,
1289 1273 1321 1309 6,
1338 1272 1428 1303 4306
1442 1279 1472 1311 a,
1490 1271 1532 1303 44
1557 1270 1656 1302 τοῦτο
1673 1263 1699 1302 δ’
1718 1266 1806 1302 ἐστὶν

227 1326 305 1360 ὅταν
330 1329 390 1361 τοῦ
419 1325 543 1364 παντὸς
566 1324 813 1370 πολιτεύματος
843 1324 958 1372 ὀλίγου
989 1324 1086 1363 ὄντος
1114 1331 1182 1360 τῶν
1209 1325 1372 1372 μεγίστων
1401 1325 1518 1373 ἀρχῶν
1543 1325 1592 1371 μὴ
1618 1319 1806 1372 μετέχωσιν

227 1384 259 1417 οἱ
284 1382 392 1428 ὀλίγοι
416 1382 548 1420 πάντες.
590 1383 646 1425 IV,
667 1386 697 1425 6,
717 1385 804 1415 4293
819 1392 850 1426 a,
867 1386 918 1416 45.
955 1385 1008 1426 43,
1028 1385 1114 1416 4297
1129 1383 1164 1425 b,
1183 1386 1202 1415 9
1236 1382 1269 1417 οἱ
1293 1381 1495 1430 μετέχοντες
1516 1384 1578 1416 τοῦ
1600 1381 1806 1426 πολιτεύμα-

226 1452 293 1478 τος.
330 1442 387 1483 111,
406 1443 460 1483 43,
478 1443 566 1473 4283
581 1440 616 1482 b,
634 1443 676 1471 22
703 1438 735 1472 οἱ
754 1438 788 1473 ἐν
804 1439 853 1485 τῷ
867 1437 1100 1484 πολιτεύματι.
1212 1443 1230 1472 3
1261 1440 1304 1473 Ut
1320 1440 1405 1474 alibi
1420 1440 1618 1483 Cretenses,
1641 1439 1807 1482 Thraces,

227 1499 340 1540 Iones,
366 1498 493 1530 Cilices
519 1498 756 1530 mercennarii
781 1498 817 1529 in
841 1497 958 1530 titulis
982 1497 1271 1531 Ptolemaeorum
1301 1498 1568 1540 repperiantur,
1595 1497 1649 1530 sic
1678 1497 1738 1529 hic
1761 1496 1808 1529 de

229 1555 407 1587 militibus
439 1555 619 1586 Idumaeis
650 1554 713 1595 qui
743 1554 901 1595 Memphi
933 1556 1054 1587 essent
1083 1554 1154 1587 dici
1184 1563 1362 1596 perquam
1394 1554 1631 1597 probabiliter
1654 1553 1809 1587 coniecit

229 1612 364 1644 Strack.
484 1613 501 1643 4
533 1610 673 1644 Nomen
705 1611 740 1643 in
770 1611 934 1652 Aegypto
965 1611 1311 1652 frequentissimum.
1360 1611 1409 1644 Cf.
1435 1621 1468 1644 n.
1489 1609 1588 1643 4202.
1706 1613 1725 1643 5
1757 1609 1807 1643 Cf.

230 1677 263 1701 n.
281 1668 356 1701 991.
376 1666 473 1700 4042.
604 1670 622 1699 6
657 1668 706 1699 De
728 1667 831 1699 ducis
849 1669 883 1700 et
906 1668 1104 1700 sacerdotis
1126 1668 1252 1701 officiis
1272 1669 1474 1702 coniunctis
1498 1667 1542 1701 cf.
1561 1675 1595 1700 n.
1614 1667 1656 1700 8¹»
1666 1666 1690 1700 ¹.
1709 1665 1807 1699 2802.

230 1728 248 1758 7
281 1725 406 1758 Utrum
432 1723 684 1770 μαχαιροφόροι
707 1726 743 1756 et
758 1720 943 1767 Ἰδουμαῖοι
968 1725 1012 1766 (v.
1033 1725 1062 1766 4)
1089 1726 1205 1758 eidem
1231 1726 1312 1768 sint,
1338 1734 1383 1758 an
1406 1725 1496 1758 haec
1519 1724 1594 1757 duo
1618 1723 1808 1756 hominum

229 1791 360 1823 genera
383 1781 603 1823 distinguere
627 1782 796 1823 praestet,
822 1781 963 1814 dubitat
985 1782 1120 1814 Strack.
1161 1783 1246 1815 Mihi
1270 1791 1328 1815 res
1353 1782 1441 1815 satis
1465 1781 1620 1823 simplex
1643 1780 1808 1822 videtur;

230 1840 317 1871 illud
348 1839 570 1882 praesidium
594 1838 859 1880 idumaeorum,
891 1838 991 1880 quod
1013 1839 1171 1880 Memphi
1196 1840 1388 1872 stationem
1412 1838 1580 1880 habebat,
1612 1845 1698 1870 sane
1722 1845 1809 1870 con-

231 1897 350 1929 stabat
378 1905 423 1929 ex
447 1896 776 1937 machaerophoris.
823 1896 933 1928 Dorio
958 1904 1059 1939 vem,
1084 1896 1195 1928 homo
1220 1896 1436 1929 nobilissimi
1461 1896 1498 1928 in
1522 1895 1604 1928 aula
1626 1894 1725 1936 regia
1750 1902 1810 1926 or-

230 1954 324 1985 dinis
350 1951 548 1998 (συγγενής),
579 1962 651 1985 non
675 1953 784 1985 huius
808 1953 917 1985 unius
942 1953 1113 1994 praesidii
1135 1953 1340 1995 praefectus
1365 1950 1602 1997 (φρούραρχος)
1625 1951 1712 1993 erat,
1745 1949 1812 1983 sed

231 2018 398 2042 summus
423 2010 587 2042 omnium
612 2018 676 2051 per
700 2011 814 2042 totam
834 2010 1041 2050 Aegyptum
1066 2010 1143 2042 eius
1169 2011 1372 2042 armaturae
1397 2008 1552 2041 militum
1569 2007 1652 2040 dux.
1692 2006 1810 2045 Quem

231 2067 400 2108 Memphi,
433 2066 533 2107 quod
565 2068 642 2098 erat
671 2066 862 2107 antiquum
887 2067 999 2098 totius
1029 2067 1128 2108 regni
1160 2067 1270 2108 caput
1301 2067 1337 2098 et
1360 2064 1654 2098 commodissime
1677 2064 1723 2096 ad
1747 2064 1810 2097 ad·
1846 2070 1853 2106 j

229 2123 388 2156 eundam
408 2123 616 2155 inferiorem
635 2125 671 2156 et
691 2124 918 2166 superiorem
935 2124 1139 2165 Aegyptum
1157 2124 1278 2164 situm,
1298 2122 1421 2155 sedem
1437 2122 1609 2155 habuisse
1625 2124 1722 2155 certe
1737 2131 1811 2155 non

233 2179 472 2222 improbabile
497 2181 562 2221 est,
594 2189 710 2221 neque
739 2181 853 2221 magis
877 2182 918 2211 ut
942 2189 1027 2212 eum
1052 2179 1251 2213 honoribus
1275 2179 1457 2212 afficerent
1480 2180 1693 2213 convenisse
1715 2180 1813 2212 inter

233 2238 366 2270 milites
397 2236 469 2268 illic
500 2236 701 2269 collocatos
731 2237 793 2278 qui
825 2236 893 2268 sub
924 2234 1038 2278 ipsius
1070 2237 1222 2278 imperio
1259 2238 1380 2269 essent
1407 2238 1444 2269 et
1473 2237 1669 2278 civitatem,
1704 2236 1808 2269 cuius
1843 2232 1845 2234 ’

233 2295 464 2327 securitatem
489 2295 526 2326 et
550 2302 639 2335 opes
664 2295 878 2326 tutarentur.
927 2294 1029 2326 Hunc
1052 2294 1148 2326 enim
1173 2293 1283 2326 fuisse
1307 2294 1385 2326 eius
1409 2294 1550 2336 generis
1573 2301 1684 2326 usum
1707 2294 1811 2326 extra

232 2351 516 2384 controversiam
541 2351 607 2392 est,
632 2351 699 2382 etsi
717 2350 927 2383 dissentitur
942 2352 1067 2382 utrum
1086 2359 1106 2382 a
1123 2350 1298 2383 militibus
1314 2350 1540 2383 discernendi
1556 2351 1629 2383 sint
1644 2349 1810 2382 machae-

232 2408 397 2450 rophori,
422 2417 467 2440 an
491 2408 561 2449 ipsi
585 2416 731 2449 quoque
755 2408 790 2439 in
815 2408 971 2440 militum
995 2416 1147 2440 numero
1173 2407 1338 2450 habendi,
1364 2416 1457 2449 quae
1482 2409 1536 2440 est
1552 2407 1706 2440 straokii
1729 2415 1809 2440 sen-
1834 2399 1835 2403 ¹

233 2466 344 2498 tentia
376 2464 598 2506 probabilior
628 2465 658 2496 si
694 2464 782 2506 quid
816 2465 930 2497 video.
979 2465 1030 2496 De
1059 2464 1186 2497 officiis
1219 2473 1347 2497 eorum
1383 2464 1425 2497 cf.
1457 2464 1651 2506 epistulam
1687 2463 1832 2511 neseio.v

233 2522 337 2554 cuius
363 2522 560 2563 superioris
585 2521 817 2562 magistratus
850 2521 895 2554 ad
927 2522 1099 2563 epistatas
1124 2522 1287 2564 aliosque
1320 2521 1489 2555 officiales
1516 2524 1579 2566 τῆς
1602 2518 1831 2565 Πολέμωνος.

234 2577 368 2624 μερίδος
390 2580 451 2611 τοῦ
474 2573 674 2622 Ἀρσινοΐτου
699 2580 805 2621 νομοῦ
823 2578 995 2611 Tebtunis
1019 2579 1149 2620 papyri
1173 2579 1187 2610 1
1212 2587 1246 2620 p.
1268 2581 1324 2610 434
1357 2588 1391 2611 n.
1411 2581 1464 2620 35,
1483 2580 1537 2611 42.
1555 2580 1598 2610 43
1629 2576 1829 2621 πεπόμφα-Τ

236 2646 296 2679 μεν
321 2633 359 2668 δὲ
381 2633 501 2668 τούτου
525 2634 625 2680 χάριν
650 2633 708 2668 καὶ
729 2633 809 2671 τοὺς
825 2633 1109 2680 μαχαιροφόρους.
1145 2643 1180 2676 p.
1199 2637 1263 2667 536
1289 2644 1322 2667 n.
1341 2637 1401 2667 254
1433 2632 1718 2679 μαχαιρο(φόρωι)
1740 2643 1811 2666 ἰω-ι
1830 2638 1831 2642 ’

236 2691 404 2738 (μάρχου).
440 2701 475 2734 p.
491 2694 555 2725 439
573 2701 606 2725 n.
622 2694 675 2734 39,
689 2694 743 2724 20.
772 2701 807 2734 p.
821 2694 887 2724 455
906 2701 939 2725 n.
955 2693 1008 2734 48,
1026 2694 1080 2725 48.
1110 2700 1146 2734 p.
1164 2693 1229 2724 476
1246 2693 1365 2733 υ.442,
1380 2693 1433 2724 85.
1481 2691 1557 2723 lam
1581 2690 1830 2732 intellegitur„

235 2750 324 2791 quid
347 2749 496 2782 Dorioni
526 2748 800 2782 necessitudinis
829 2749 1027 2781 intercedat
1056 2757 1140 2781 cum
1164 2747 1343 2781 Idumaeis
1373 2749 1409 2779 et
1440 2755 1506 2779 cur
1536 2748 1656 2779 tamen
1686 2747 1832 2789 priore—2

236 2808 317 2840 loco
340 2804 540 2850 Ἰδουμαῖοι,
574 2806 685 2839 altero
711 2804 961 2851 μαχαιροφόροι
985 2806 1328 2838 commemorentur.
1446 2806 1464 2836 8
1495 2803 1620 2836 Eidem
1637 2803 1700 2845 qui
1723 2801 1813 2836 alibi

235 2863 309 2896 fere
342 2861 491 2907 ὑμνῳδοί
521 2863 756 2906 appellantur.
804 2862 931 2904 Neque
960 2863 1066 2904 enim,
1102 2864 1143 2894 ut
1178 2870 1223 2894 ex
1258 2861 1414 2894 nominis
1445 2861 1582 2902 origine
1613 2859 1832 2902 collegerim<

237 2920 368 2954 fidibus
392 2920 502 2954 modo
527 2921 698 2953 cecinisse
715 2921 781 2953 hos
804 2920 968 2952 homines
993 2920 1143 2962 apparet
1159 2927 1202 2952 ex
1220 2917 1289 2951 illis
1315 2916 1451 2951 ἐπὶτῶν
1470 2914 1584 2960 ὕμνων
1604 2914 1808 2962 μεμνῆσθαι.
