1858 3126
167 108 249 151 184
396 108 485 141 VIII.
521 108 668 150 Imperii
691 107 844 141 Romani
868 108 1078 150 provinciae
1102 108 1303 142 orientales.
1353 111 1384 142 4.
1409 109 1502 142 Asia.
1618 109 1746 152 [526—

279 248 447 302 γιῶνος4
477 245 802 303 Φιλαδελφηνῆς,
843 243 1048 302 ἀγοράσας
1085 245 1201 303 σορὸν
1239 243 1339 302 μετὰ
1370 249 1440 290 τοῦ
1470 246 1743 303 ὑποΙκειμένου

279 315 436 357 λιθίνου
475 316 654 371 σχήματι
689 315 884 372 β(ω)μοῧ5
919 315 959 357 ἐν
999 315 1197 373 ἡροῖιι(ῳ>6
1227 314 1552 372 Κ(λ)εισθένους7
1590 315 1596 373 Ι
1627 332 1745 359 κατε-

279 384 407 440 θέμην
458 382 693 441 Αὐρηλῌαν)
744 383 872 427 Ποίαν
922 384 992 442 τὴν
1037 383 1286 441 γλυκυτάτην
1331 384 1400 428 καὶ
1445 384 1688 442 σεμνοτάτην
1733 385 1745 443 ΙΙ

232 465 253 497 5
281 453 438 510 σόνβιόν
472 470 558 508 μου.

163 593 364 634 oens-(us)
401 602 443 626 ex
472 603 581 627 saera
609 590 772 627 iussione
805 592 1025 635 (Marquardt
1055 593 1157 626 Rom.
1183 593 1526 636 Staatsverwaltung
1550 594 1591 636 II,
1617 602 1652 636 p.
1675 597 1742 627 245

164 650 295 692 noti).
338 651 373 683 C.
392 651 416 683 I.
436 650 474 683 G.
502 652 601 692 3497,
621 653 675 683 ⁴5.
695 653 736 683 46
764 649 817 683 ἐπὶ
841 654 965 696 ’κῆνσον
990 652 1050 684 τοῦ
1077 647 1282 694 Samae-rou).
1321 652 1421 693 3754,
1440 654 1552 693 zsqq.
1601 649 1745 696 ἐπίτρ(ο-

162 708 236 749 πος)
260 712 328 741 τῶν
356 705 558 752 Σεβ(αστῶν)
589 706 768 754 ἐπαρχείας
793 705 942 745 Γαλλίας
967 703 1195 752 Ἀκυιτανικῆς
1222 706 1287 740 ἐπὶ
1311 711 1478 753 κῆνσον.
1517 707 1635 747 Quare
1659 717 1743 742 cum

162 765 221 798 hic
253 765 340 798 nihil
376 765 556 798 eiusmodi
591 765 740 807 legatur,
772 766 893 808 potius
930 774 992 798 eos
1017 766 1281 808 procuratores,
1316 767 1380 808 qui
1405 766 1442 798 in
1465 767 1663 808 provinciis
1688 775 1744 800 se-

163 823 311 856 natoriis
342 823 480 856 reditus
510 823 588 856 fisci
613 823 774 856 Caesaris
805 825 983 865 curarent,
1016 823 1053 855 in
1078 823 1227 864 singulis
1252 823 1444 856 territoriis
1470 823 1619 856 libertos
1643 824 1744 866 prin-

162 880 254 922 cipis
285 880 468 913 adiutores
499 877 672 925 (βοηθούς)
704 880 875 913 habuisse
905 881 1086 913 existimo.
1134 880 1236 913 Haud
1261 889 1343 913 raro
1367 881 1402 913 in
1428 880 1544 914 titulis
1569 882 1744 914 ocurrunt

162 938 258 970 servi
284 939 346 970 aut
370 937 491 970 liberti
524 938 699 980 principis
731 935 912 971 adiutores
942 935 1210 971 tabulwr‘cbrum
1235 938 1393 980 (Ephem.
1416 938 1527 980 epigr.
1545 938 1576 970 V
1600 947 1635 980 p.
1655 939 1743 981 699),

162 1004 436 1037 nonnumquam
462 995 584 1028 addito
608 993 694 1038 fisci
716 995 772 1028 vel
798 993 1026 1037 tributorum,
1054 995 1147 1028 unde
1173 997 1323 1037 apparet
1347 1003 1410 1028 eos
1428 996 1464 1028 in
1482 996 1634 1037 negotiis
1658 1004 1743 1038 pro-

161 1054 373 1086 curatorum
398 1054 595 1095 occupatos
619 1052 741 1085 fuisse.
789 1052 915 1085 Utrum
940 1061 1041 1085 mera
1065 1053 1287 1094 neglegentia
1311 1053 1488 1086 sermonis
1513 1053 1573 1086 hic
1596 1053 1742 1086 adiutor

161 1111 444 1153 procuratorum
469 1110 612 1143 dicatur
634 1110 697 1152 qui
722 1109 891 1143 tabularii
917 1110 1038 1152 potius
1065 1110 1314 1152 procuratoris
1332 1109 1475 1143 adiutor
1491 1109 1568 1153 fuit,
1593 1120 1637 1144 an
1654 1111 1744 1144 haec
1774 1147 1781 1150 ,

161 1167 278 1200 officia
302 1167 539 1200 discernenda
559 1168 641 1209 sint,
666 1168 702 1200 in
725 1167 845 1200 medio
865 1167 1041 1209 relinquo.
1153 1169 1170 1199 3
1197 1167 1272 1200 Etsi
1290 1168 1522 1209 magistratus
1535 1168 1742 1211 superiores

163 1226 226 1268 qui
257 1226 380 1258 censui
411 1234 476 1268 per
506 1225 733 1267 provinciam
759 1225 917 1267 aliquam
943 1225 1080 1267 agendo
1105 1226 1287 1268 praesunt,
1321 1226 1351 1258 si
1375 1234 1448 1258 non
1472 1225 1653 1268 senatorii,
1678 1225 1743 1258 sed

162 1284 342 1326 equestris
360 1282 504 1316 ordines
523 1284 617 1325 sunt,
635 1282 829 1325 anquando
841 1283 1096 1325 procuratores
1113 1280 1311 1327 (ἐπίτροποι)
1336 1282 1564 1325 appellantur
1580 1283 1742 1324 (Momm-

161 1349 224 1374 sen
249 1341 349 1374 Rom.
369 1341 590 1374 Staatsrecht
614 1339 706 1372 1123
730 1349 765 1382 p.
785 1342 871 1372 4093
897 1341 970 1373 not.
991 1340 1031 1382 4),
1058 1342 1179 1373 tamen
1203 1341 1353 1382 propter
1377 1348 1419 1373 ea
1442 1349 1536 1382 quae
1552 1342 1624 1373 not.
1643 1343 1662 1372 2
1681 1349 1744 1373 ex-

158 1399 266 1440 posui
292 1398 335 1431 de
359 1407 401 1431 eo
427 1398 574 1440 quidem
592 1406 721 1440 genere
738 1398 797 1430 hic
814 1406 886 1430 non
903 1399 958 1430 est
975 1397 1217 1439 cogitandum.
1252 1397 1389 1436 Quodsi
1405 1398 1637 1430 notissimum
1653 1397 1744 1430 illud

159 1457 437 1498 procuratorum
464 1464 576 1497 genus
600 1456 637 1488 in
667 1464 818 1488 censum
842 1455 949 1497 venit,
976 1455 1119 1487 mireris
1136 1455 1323 1497 pluralem,
1349 1455 1521 1497 quoniam
1538 1455 1575 1487 in
1593 1455 1742 1497 singulis

161 1514 360 1555 provinciis
387 1513 546 1555 singulos
571 1513 751 1545 eiusmodi
779 1513 832 1545 rei
862 1512 1091 1554 pecuniariae
1120 1511 1430 1545 administratores
1454 1511 1565 1545 fuisse
1589 1514 1741 1546 constat.

161 1570 226 1603 Sed
260 1570 405 1603 videtur
429 1572 707 1612 procuratorum
733 1570 940 1612 provinciae
965 1571 1052 1602 satis
1077 1569 1244 1611 frequens
1269 1569 1483 1602 vicissitudo
1508 1569 1629 1612 fuisse,
1655 1578 1740 1603 cum

162 1627 320 1661 officium
346 1627 523 1661 adiutoris
548 1628 663 1660 multo
689 1627 855 1660 stabilius
879 1628 985 1669 esset,
1010 1627 1060 1659 ita
1076 1629 1118 1659 ut
1134 1635 1219 1660 sane
1235 1627 1331 1659 idem
1349 1627 1459 1660 homo
1476 1626 1637 1669 plurium
1653 1635 1742 1670 pro-

160 1687 370 1718 curatorum
388 1686 451 1728 qui
476 1694 514 1718 se
531 1686 758 1728 excepissent
774 1685 919 1718 adiutor
935 1684 1108 1727 appellari
1132 1686 1268 1727 posset.
1387 1685 1405 1716 4
1436 1683 1540 1717 Urbis
1564 1684 1743 1717 Philadel-

159 1744 363 1785 phenorum
389 1753 472 1785 ager
496 1744 555 1776 vel
578 1744 812 1776 territorium.
860 1743 911 1775 Ex
937 1742 1070 1775 Latinis
1094 1742 1209 1775 titulis
1234 1741 1424 1784 complura
1447 1741 1555 1775 huius
1580 1742 1740 1775 notionis

161 1801 326 1843 exempla
344 1801 463 1834 attulit
478 1801 687 1843 Marquardt
703 1801 804 1834 Rom.
823 1800 1167 1841 Staatsverwaltung
1185 1800 1199 1831 Ι
1215 1808 1249 1842 p.
1269 1802 1311 1832 46
1329 1800 1402 1832 not.
1421 1801 1452 1842 2,
1469 1799 1566 1841 apud
1584 1799 1739 1832 Graecos

160 1859 376 1901 plerumque
394 1859 527 1892 Graeca
543 1858 722 1892 vocabula
739 1855 833 1904 (ὅροι,
855 1855 1032 1902 διοίκησις)
1051 1857 1317 1900 repperiuntur.
1347 1856 1514 1889 Ceterum
1531 1856 1739 1898 genetivum

161 1915 207 1948 ab
232 1917 370 1958 integra
394 1916 501 1949 officii
527 1916 765 1959 appellatione
789 1913 916 1960 βοηθὸς
942 1913 1139 1959 ἐπιτρόπων,
1167 1923 1238 1947 non
1263 1923 1283 1947 a
1307 1914 1473 1956 proximo
1498 1914 1646 1946 nomine
1669 1911 1741 1946 ἐπι-

158 1972 293 2017 τρόπων
318 1973 474 2015 pendere
500 1974 536 2006 in
560 1974 754 2016 propatulo
780 1974 844 2015 est,
871 1973 956 2015 quia
980 1973 1196 2015 procurator
1219 1971 1367 2013 quidem
1391 1970 1506 2003 totius
1529 1971 1740 2013 provinciae

161 2031 247 2071 erat,
284 2029 429 2062 adiutor
458 2038 546 2063 vero
580 2031 687 2063 unius
721 2030 893 2062 territorii
924 2029 1201 2071 Philadelpheni.
1319 2030 1337 2059 5
1371 2028 1556 2061 ΒΙΟΠΟΥ.
1605 2017 1740 2061 Boeckss

160 2087 242 2119 hius
274 2084 497 2130 ὑποκειμένου
531 2088 566 2119 et
597 2085 728 2120 λιθίνου
763 2079 953 2119 masculini
984 2086 1123 2128 generis
1148 2093 1228 2118 esse
1252 2086 1288 2117 et
1312 2084 1358 2117 ad
1383 2083 1502 2128 βωμοῦ
1527 2085 1739 2118 attributive

162 2143 348 2176 referenda
379 2143 558 2186 opinatur.
606 2143 651 2175 At
678 2152 807 2176 vereor
830 2145 872 2176 ut
897 2143 1092 2185 quisquam
1118 2142 1273 2175 Graecus
1299 2141 1430 2175 dixerit
1454 2139 1472 2174 ὁ
1497 2141 1648 2187 σχήματι
1673 2141 1740 2186 βω-

162 2199 224 2245 μός
261 2203 301 2234 ut
338 2200 494 2243 lapidem
526 2200 641 2242 figura
671 2209 753 2233 arae
785 2199 1010 2241 significaret.
1061 2201 1175 2232 Immo
1209 2199 1400 2232 manifesto
1430 2196 1560 2232 λιθίνου
1592 2198 1740 2241 quidem

161 2263 330 2291 neutrum
355 2259 410 2291 est
441 2257 668 2290 substantive
693 2259 921 2299 usurpatum,
948 2247 1066 2300 βωμοῦ
1091 2265 1178 2289 vero
1204 2265 1224 2289 a
1250 2255 1400 2302 σχήματι
1423 2255 1566 2299 pendet,
1590 2258 1633 2289 ut
1660 2264 1740 2289 sen·

159 2316 272 2348 tentia
296 2316 343 2348 sit
366 2311 462 2348 ‘cum
480 2315 670 2358 supposito
690 2323 798 2357 opere
815 2314 956 2356 lapIdeo
975 2323 1057 2347 arae
1081 2314 1195 2356 figura
1212 2309 1420 2347 elaborato’.
1539 2316 1557 2346 6
1589 2314 1741 2347 ΗΡΩΙΟ.

163 2375 180 2405 ’1
215 2374 557 2407 ΚΑΘΙΟΘΘΝΟΥΟ.
607 2372 813 2405 Emendavi.
855 2368 1133 2413 Κα(λλι)σθένους
1158 2371 1301 2404 Boeckh
1326 2372 1439 2404 multo
1465 2370 1668 2403 violentius.

249 2588 332 2632 527
377 2592 498 2644 Lapis
535 2591 686 2631 fractus
722 2592 899 2644 undique
939 2595 1102 2644 praeter
1138 2590 1371 2630 inferiorem
1400 2591 1560 2641 partem
1597 2590 1636 2628 et
1666 2587 1740 2627 ad-

161 2662 331 2701 modum
361 2661 543 2712 detritus,
586 2661 627 2699 in
657 2661 746 2700 vico
780 2656 1138 2700 Tsohindere-Koi
1171 2660 1248 2699 sito
1277 2668 1405 2710 supra
1434 2657 1667 2710 Hierapolin
1697 2658 1739 2696 et

161 2731 307 2771 vallem
329 2730 534 2770 Maeandri
563 2729 669 2769 edito
699 2731 805 2779 loco;
839 2730 911 2769 sed
941 2729 1151 2780 indigenae
1181 2726 1410 2767 referebant
1438 2726 1530 2765 illuc
1561 2725 1737 2766 delatum

163 2812 252 2840 esse
289 2812 341 2840 ex
369 2801 458 2839 loco
497 2800 574 2839 sito
609 2810 738 2851 prope
775 2794 931 2837 Gozlar
961 2794 1174 2851 (Thiunta).
1227 2796 1298 2835 Ed.
1336 2795 1369 2835 J.
1393 2794 1438 2834 G.
1463 2793 1502 2834 C.
1526 2794 1738 2835 Anderson

159 2869 326 2909 Journal
348 2868 394 2908 of
410 2869 507 2908 Hell.
532 2868 636 2908 stud.
660 2867 766 2908 XVII
796 2864 937 2920 (⁴897)
968 2877 1007 2918 p.
1033 2865 1106 2904 4⁴4
1146 2877 1184 2904 n.
1211 2864 1273 2903 44.
