1858 3126
57 101 139 144 7021
430 101 498 134 Via
522 111 542 134 a
567 101 736 134 Berenice
760 101 804 134 ad
829 100 1091 143 Antinoupolin
1115 102 1266 134 munita.
1556 103 1640 144 439

61 274 66 279 .
100 249 140 281 15
168 238 362 294 σταθμοῖς
398 238 467 280 καὶ
505 238 711 295 φρουρίοις
742 236 1066 293 διΙειλημμ.ένην6
1094 237 1340 293 [ἀν]έτεμεν7
1369 246 1380 294 ᾗ,
1409 237 1524 286 ἔτους
1559 236 1640 293 κα’,

170 305 377 361 Φαμενὼθ
408 303 444 347 α’
457 307 484 347 ⁸.

144 436 164 466 o
193 433 419 467 Distinctam.
457 433 764 466 Commodissima
788 432 902 465 Miller
926 431 1030 465 affert
1046 432 1251 466 Aristotelis
1269 433 1370 466 Polit.
1389 433 1461 475 VII,
1482 436 1534 476 ⁴2,
1550 436 1633 467 4334

51 499 71 536 ‚³
97 493 140 524 40
171 488 246 524 ἐπεὶ
270 489 309 524 δὲ
333 489 386 524 δεῖ
408 490 446 523 τὸ
473 489 535 535 μὲν
560 487 696 536 πλῆθος
719 494 788 522 τῶν
812 487 959 523 πολιτῶν
986 489 1021 523 ἐν
1056 488 1238 527 συσσιτίοις
1262 489 1568 535 κατανενεμῆσθαι,
1596 490 1640 524 τὰ

51 545 89 581 δὲ
111 545 210 595 τείχη
229 545 426 594 διειλῆφθαι
443 544 684 592 φυλακτηρίοις
700 545 760 580 ’καὶ
776 544 914 592 πύργοις
929 545 1019 580 κατὰ
1034 544 1159 584 τόπους
1176 545 1388 593 ἐπικαίρους.
1500 550 1519 581 7
1548 549 1640 591 Sup-

49 605 163 648 plevit
193 605 317 648 Miller,
351 605 546 647 compositi
583 604 750 647 exempla
782 603 934 637 afferens
972 604 1131 638 Philonis
1169 604 1212 637 de
1255 605 1399 647 opificio
1438 605 1565 639 mundi
1595 608 1638 638 69

51 663 76 702 (Ι
102 671 136 705 p.
156 665 210 705 ⁴6,
230 665 265 695 Η
288 662 450 704 Mangey)
475 660 610 708 τέχναις
627 660 686 695 καὶ
710 659 913 705 ἐπιστήμαις
931 659 1151 708 πολυσχιδεῖς
1174 672 1211 694 τε
1234 660 1431 705 ἀνατέμνων
1458 660 1558 700 ὁδοὺς
1582 662 1641 696 καὶ

49 717 246 766 λεωφόρους
269 718 402 757 ἁπάσας
426 721 462 752 et
478 719 641 752 eiusdem
659 719 849 762 scriptoris
875 720 905 751 11
930 728 965 762 p.
985 721 1062 762 362,
1083 722 1102 751 6
1128 720 1278 762 Mangey
1304 717 1339 751 ἐν
1365 718 1517 758 ἀνοδίαις
1542 718 1640 766 ἴσχυ-

49 787 102 810 σεν
127 774 293 814 ἀπλανεῖς
316 775 374 810 καὶ
397 775 595 823 λεωφόρους
620 775 720 814 ὁδοὺς
752 775 945 820 ἀνατεμεῖν.
994 777 1063 809 Sed
1095 777 1194 819 quod
1219 777 1364 810 Latinos
1397 778 1451 810 sic
1482 777 1640 811 findendi

47 842 139 868 voce
162 835 216 868 uti
242 834 329 868 dicit
353 834 462 867 allato
481 834 629 876 Vergilii
653 843 764 867 versu
789 834 933 867 Aeneid.
952 834 1009 876 Vl,
1028 836 1111 867 5¹00:
1143 832 1204 868 hie
1228 833 1326 868 locus
1349 836 1408 876 est,
1428 833 1553 879 panis
1575 832 1643 868 ubo·

46 883 85 926 se
107 887 169 925 oia
190 889 302 935 findit
324 889 370 926 in
391 889 529 933 wmbas,
562 900 703 934 nequeo
730 892 818 925 satis
843 892 978 924 mirari.
1026 891 1118 925 Nam
1143 892 1216 924 illic
1241 893 1428 925 notionem
1454 892 1639 925 dividendi

47 949 166 983 inesse
189 950 350 992 apparet,
385 957 477 991 quae
508 949 613 991 plane
638 949 751 982 aliena
783 951 839 982 est
871 959 891 982 a
916 949 1052 982 Graeco
1076 947 1208 994 τέμνειν
1235 947 1324 983 ὁδόν.
1374 949 1450 983 Hoc
1482 950 1640 992 simplici

46 1006 263 1049 plerumque
286 1007 441 1039 utuntur
465 1006 602 1048 Graeci,
634 1006 697 1039 sed
728 1015 812 1039 cum
844 1007 934 1039 duas
970 1006 1107 1040 litteras
1131 1007 1284 1050 periisse
1309 1006 1454 1040 definite
1485 1008 1640 1040 testetur

46 1063 173 1106 Miller,
204 1064 282 1096 eius
309 1064 604 1106 supplementum
631 1064 878 1106 recipiendum
906 1063 983 1096 fuit.
1032 1064 1146 1096 Simili
1178 1065 1327 1097 notione
1361 1065 1457 1097 idem
1482 1064 1639 1097 verbum

47 1121 296 1163 compositum
322 1120 366 1153 de
394 1120 516 1162 sulcis,
550 1129 643 1162 quos
674 1120 788 1153 boves
818 1123 961 1153 arantes
994 1121 1143 1162 ducunt,
1175 1123 1333 1163 usurpat
1357 1121 1457 1153 Philo
1483 1121 1528 1153 de
1554 1120 1639 1163 opis.

47 1178 175 1211 mundi
200 1181 242 1211 85
276 1178 300 1219 (1
325 1186 359 1220 p.
385 1180 439 1219 20,
465 1180 508 1210 25
534 1178 712 1219 Mangey):
752 1180 871 1222 ταῦροι
905 1177 966 1221 μὲν
997 1175 1282 1223 καταζεύγνυνται
1314 1177 1399 1221 πρὸς
1428 1176 1548 1224 ἄροτον
1579 1177 1638 1210 καὶ

49 1232 188 1280 βαθείας
213 1232 366 1272 αὔλακας
391 1234 635 1278 ἀνατέμνοντες
659 1253 704 1258 -
730 1234 858 1281 μακρὸν
889 1233 1026 1280 δόλιχον
1059 1234 1283 1268 ἀποτείνουσι.
1333 1236 1422 1268 Sane
1447 1236 1506 1268 hic
1539 1235 1638 1268 codi-

47 1301 109 1326 ces
132 1290 188 1325 Al>
212 1291 490 1336 κατατέμνοντες,
523 1293 543 1332 5
563 1295 604 1325 69
630 1292 712 1324 ABP
746 1290 1086 1335 ὃιατέμνωνώοὴοι,
1118 1293 1183 1325 sed
1215 1294 1488 1325 recentissimus
1519 1293 1637 1326 editor

47 1349 245 1392 utrobique
273 1350 581 1392 praepositionem
607 1347 672 1382 ἀνά
701 1351 859 1382 retinuit.
979 1352 997 1382 8
1028 1351 1265 1392 phamenoth,
1292 1351 1470 1393 septimus
1494 1350 1637 1394 Aegyp-

46 1407 183 1440 tiorum
208 1408 354 1449 mensis,
376 1407 412 1439 ln
438 1406 540 1440 fastis
563 1407 824 1449 Alexandrinis,
850 1408 912 1450 qui
939 1408 1164 1450 principatus
1189 1409 1305 1441 aetate
1329 1409 1454 1440 usitati
1478 1410 1591 1450 erant,
1617 1417 1639 1441 a

47 1465 224 1506 vigesimo
257 1464 385 1506 quinto
417 1456 678 1497 ijebruarii
711 1464 768 1496 die
798 1465 942 1497 initium
976 1465 1152 1507 capiebat.
1202 1466 1317 1498 Incisa
1346 1466 1458 1507 igitur
1481 1466 1570 1498 haec
1602 1465 1636 1498 d.

48 1522 102 1554 25.
120 1529 168 1554 m.
186 1521 370 1554 Februarii
397 1523 460 1553 437
488 1530 522 1563 p.
542 1521 623 1554 Chr.
643 1531 676 1554 n.
725 1521 774 1554 Cf.
800 1524 873 1555 not.
896 1525 923 1554 l.

138 1701 227 1746 702
269 1704 402 1758 Supra
416 1708 579 1758 portam
603 1707 742 1758 templi
758 1718 850 1746 cum
871 1706 1111 1759 anaglyphis
1133 1708 1536 1759 repraesentantibus.
1553 1708 1637 1747 An-

50 1774 235 1813 toninum
269 1773 560 1826 imperatorem
599 1774 893 1814 sacrificantem
929 1776 1160 1815 numinibus
1200 1777 1422 1828 Aegyptiis,
1466 1777 1507 1814 in
1547 1777 1634 1816 loco

48 1842 118 1894 qui
147 1843 374 1894 appellatur
393 1840 686 1896 Kasr-Zayan
715 1844 756 1883 in
776 1848 892 1896 parte
915 1843 1030 1883 Oasis
1052 1843 1284 1883 Thebarum
1314 1845 1634 1897 septentrionali,

49 1910 297 1950 occidentem
322 1923 466 1951 versus
497 1912 549 1950 ab
575 1909 869 1964 El-Klzaryeh.
922 1913 1022 1951 Edd.
1056 1912 1140 1952 Salt
1170 1924 1221 1952 ex
1242 1913 1364 1964 Hydii
1392 1913 1634 1966 apographo

49 1978 235 2019 Classical
250 1978 386 2031 journ.
409 1981 536 2019 XXIII
557 1979 698 2033 (⁴82⁴)
729 1994 769 2033 p.
795 1979 889 2019 370.
942 1982 1127 2020 Drovetti
1157 1993 1222 2034 ap.
1257 1981 1449 2022 Cailliaud
1469 1983 1635 2035 voyage

48 2046 73 2085 ὲ
92 2043 236 2088 l’O'asis
257 2049 307 2088 de
327 2048 483 2088 Thebes
504 2062 544 2101 p.
566 2050 660 2088 ⁴05.
713 2050 889 2089 Hoskins
911 2050 1011 2089 visit
1036 2053 1078 2090 to
1100 2050 1170 2090 the
1191 2054 1306 2102 great
1328 2050 1444 2090 Oasis
1474 2064 1514 2104 p.
1535 2052 1631 2092 320.

49 2116 249 2155 Letronne
278 2117 531 2157 Recherehes
561 2131 602 2170 p.
626 2118 708 2157 236
727 2131 813 2170 sqq.
868 2119 1028 2158 Recueil
1053 2120 1070 2157 Ι
1100 2132 1139 2172 p.
1167 2119 1245 2158 ⁴24
1279 2132 1318 2159 n.
1341 2121 1423 2161 XV.
1475 2110 1539 2159 Ex
1569 2120 1634 2160 his

50 2187 89 2223 et
109 2184 303 2223 Minutolii
332 2185 491 2226 schedis
521 2188 555 2226 J.
578 2187 708 2226 Franz
740 2187 780 2227 C.
805 2188 832 2226 I.
856 2187 901 2226 G.
932 2188 1056 2227 4955.
1109 2189 1300 2228 Omnium
1331 2175 1635 2228 accuratissime

50 2252 95 2291 G.
119 2251 434 2305 Schweinfurth‚
474 2255 741 2294 Petermanns
772 2255 915 2307 Geogr.
939 2256 1068 2295 Mitth.
1093 2257 1184 2295 XXI
1218 2256 1326 2295 ⁴875
1359 2270 1398 2309 p.
1423 2258 1518 2297 392.
1573 2257 1631 2297 Cf.

49 2331 154 2372 quae
202 2320 251 2360 de
292 2321 409 2360 titulo
455 2324 643 2374 exposuit
678 2324 722 2363 A.
752 2324 862 2364 Stein
900 2325 1075 2364 Hermae
1113 2326 1258 2363 XXXII
1296 2338 1335 2377 p.
1368 2326 1448 2364 666
1490 2329 1529 2365 et
1564 2337 1630 2378 ap.

47 2388 400 2440 Pauly-Wissowa
429 2390 818 2443 Realencyklopiidie
850 2393 989 2445 Suppl.
1012 2394 1029 2432 I
1058 2406 1097 2446 p.
1123 2393 1206 2433 228
1238 2406 1276 2433 n.
1302 2394 1340 2433 3.

160 2499 343 2556 Ἀγα[θῆι
412 2501 562 2557 τύ]χη[ι
574 2502 618 2556 1.]
679 2502 683 2557 Ι
738 2500 952 2560 Ἀμενήβιῖ
1011 2505 1111 2546 θεῶι
1182 2505 1368 2560 μεγίστωι
1428 2504 1633 2561 Τχονεμύ-

140 2627 294 2660 Litterae
319 2629 468 2661 ΘΠΟω.
509 2628 645 2660 Versus
670 2628 772 2660 lineis
797 2629 1080 2662 horizontalibus
1106 2631 1262 2663 tenuiter
1287 2631 1350 2663 sed
1383 2632 1551 2663 accurate
1576 2631 1631 2662 in-

51 2681 135 2714 cisis
159 2683 384 2717 distineatur.
504 2687 516 2716 l
554 2685 670 2717 Huius
696 2693 824 2717 versus
854 2686 1039 2728 relliquias
1070 2695 1142 2718 non
1172 2688 1243 2720 iam
1269 2688 1428 2729 repperit
1451 2688 1487 2719 in
1513 2687 1631 2728 lapide

52 2736 382 2774 Schweiniurthius.
501 2744 519 2773 2
553 2743 578 2774 Ι.
596 2751 626 2775 e.
652 2743 807 2774 Ammon
826 2740 967 2783 (Amen)
992 2743 1083 2775 deus
1099 2743 1169 2775 loci
1185 2741 1286 2776 Hibe.
1328 2744 1366 2775 H.
1385 2744 1547 2785 Brugsch
1573 2753 1630 2786 ap.

52 2793 401 2831 schweinfurthium.
455 2799 565 2832 Cuius
602 2800 850 2841 interpretatio
895 2800 972 2832 sine
1009 2799 1119 2832 dubio
1157 2801 1362 2842 antiquiori,
1404 2810 1497 2843 quae
1533 2801 1630 2843 apud

52 2850 239 2885 Franzium
276 2857 341 2898 est,
377 2856 530 2889 deorum
562 2855 682 2905 Amon
715 2859 750 2889 et
782 2854 910 2900 Knepk
947 2857 1094 2890 nomina
1129 2858 1165 2889 in
1200 2866 1332 2890 unum>
1353 2859 1537 2891 eontracta
1572 2859 1632 2892 hic
