1858 3126
233 150 316 192 682

279 287 356 330 470,
391 292 444 320 22.
502 283 776 329 μεταλλάξαντος
819 282 990 320 Σελεύκου

278 344 356 387 248,
385 351 435 377 1ο.
485 340 729 388 μεταλλάσσων
759 341 818 376 τὸν
851 340 922 387 βίον
955 341 990 376 ἐν

277 398 450 447 Περγάμῳ
493 400 570 443 326,
603 406 655 433 15.
713 397 991 446 μετηλλαχκότος

278 460 338 491 τοῦ
372 455 578 501 Σωσάνδρου
609 456 688 499 331,
717 462 769 491 16.
822 454 991 501 μεταλλά-

277 514 394 553 ξαντος
417 517 477 548 τοῦ
503 512 708 559 Σωσάνδρου
733 513 811 557 331,
829 520 869 547 34

233 570 416 616 μέταλλον·
444 569 500 605 ἐπὶ
523 576 590 605 τῶν
617 569 796 615 μετάλλων
822 571 893 615 (τῆς
918 567 990 605 Κύ-

277 630 375 674 πρου)
404 628 479 672 165,
500 635 529 662 3.
569 626 749 673 μισθωτὴς
772 632 839 662 τῶν
866 626 990 673 μετάλ-

277 685 347 719 λων
365 687 443 729 678,
462 693 494 720 4.
527 683 709 731 ἐπίτροπος
724 689 792 718 τῶν
812 683 990 729 μετάλλων

278 743 355 786 678,
375 751 392 776 5

232 799 486 844 μεταμέλομαι·
524 798 541 833 ὅ
574 799 661 833 ἐστιν
691 799 796 845 πέρας
824 798 884 833 καὶ
913 798 990 844 ὅρος

275 858 336 890 τοῦ
392 855 642 903 μεταμέλεσθαι
690 855 742 890 ὅτι
795 855 992 902 γεγέννηται

278 914 358 957 458,
381 921 417 947 11

231 970 476 1016 μεταναφέρω·
505 970 554 1008 εἰς
578 970 616 1004 δὲ
639 969 725 1005 ἄλλο
751 969 863 1017 μηθὲν
890 981 991 1014 μετα-

275 1027 538 1075 ναφερέσθωσαν
564 1027 616 1070 (τὰ
641 1027 797 1073 διάφορα)
821 1027 901 1070 483,
917 1033 957 1061 52

232 1083 426 1130 μετανοέω·
461 1083 603 1130 θεωρῶν
640 1082 699 1118 οὖν
733 1081 822 1128 ὑμᾶς
854 1095 990 1128 μετανε·

275 1141 443 1186 νοηκότας
475 1152 512 1175 τε
543 1141 597 1176 ἐπὶ
625 1144 699 1179 τοῖς
722 1141 991 1188 προημαρτημέ-

275 1210 347 1236 νοις
374 1199 450 1242 751,
471 1205 487 1232 9

232 1255 457 1300 μεταπαιδιά·
481 1259 544 1301 τῆς
567 1260 635 1290 τῶν
661 1254 801 1301 ἐφήβων
827 1267 992 1300 μεταπαι-

277 1312 350 1351 διᾶς
374 1313 459 1358 πρὸς
484 1312 659 1358 ἀλλήλους
684 1311 796 1347 ἕνεκεν
823 1314 900 1357 764,
919 1320 959 1347 27

232 1370 516 1415 μεταπέμπομαι·
544 1370 601 1405 τὸν
632 1370 823 1418 ἐνηνοχότα
845 1370 926 1405 τάδε
949 1370 992 1404 τὰ

275 1427 470 1473 γράμματα,
507 1427 581 1461 ἐπεὶ
617 1427 774 1473 βούλεται
813 1439 867 1463 σοι
906 1440 992 1473 συμ-

277 1483 398 1528 μεῖξαι,
425 1484 645 1531 μετάπεμψαι
667 1484 803 1524 πάντως
828 1486 906 1529 315,
925 1493 965 1519 77

232 1540 491 1586 μετάπεμπτος·
519 1540 791 1588 ἐπιστατήσαντα
817 1542 991 1588 μεταπέμ-

277 1610 370 1632 πτων
397 1598 621 1646 δικαστηρίων
647 1600 781 1643 556,14

231 1655 461 1700 μετάπτωσις·
478 1660 554 1695 ταῖς
571 1658 823 1701 μεταπτώσεσιν
840 1657 987 1701 335,128

231 1711 458 1758 μετατίθημι’
482 1712 531 1751 εἰς
556 1712 594 1747 δὲ
616 1712 696 1751 τοὺς
720 1712 904 1761 παροίκους
930 1725 989 1758 με-

275 1769 461 1816 τατεθῆναι
488 1770 568 1808 τοὺς
598 1770 638 1804 ἐκ
665 1775 734 1804 τῶν
761 1769 988 1818 ἐξελευθέρων

275 1827 351 1862 κτλ.
377 1827 454 1871 338,
473 1833 527 1862 20.
548 1834 587 1861 36

231 1884 426 1931 μεταφέρω·
458 1883 508 1923 εἰς
533 1884 571 1918 δὲ
594 1883 680 1919 ἄλλο
706 1883 817 1931 μηθὲν
843 1897 989 1932 μεταφε-

277 1941 389 1987 ρέσθω
415 1940 467 1984 (τὰ
489 1940 646 1988 διάφορα)
671 1942 749 1985 483,
769 1948 846 1977 208.
886 1941 934 1980 εἰς
951 1942 989 1976 δὲ

276 1998 463 2046 ἡμετέρους
486 2002 708 2046 χαρακτῆρας
737 1998 845 2043 μηδέν
871 2010 903 2032 τι
926 2002 989 2045 τῆς

278 2054 362 2101 ὕλης
387 2055 520 2100 ἐκείνης
546 2055 744 2101 μεταφέρειν
771 2056 848 2097 508,
870 2062 908 2089 14

230 2111 457 2159 μετέρχομαι·
483 2111 644 2157 ἐξαίφνης
669 2110 846 2156 μετελθεῖν
867 2112 914 2151 εἰς
930 2112 987 2146 τὸν

276 2169 396 2203 ἀέναον
412 2168 543 2213 κόσμον
561 2169 615 2212 56,
630 2175 685 2202 48.
726 2168 774 2207 εἰς
791 2167 892 2207 θεοὺς
909 2181 988 2214 μετ·

275 2224 385 2272 ῆλθεν
411 2226 466 2269 56,
486 2233 525 2259 55

231 2283 383 2331 μετέχω·
407 2281 583 2329 Αἰγύπτου
608 2282 765 2328 συνορίην
789 2283 848 2317 καὶ
868 2281 989 2318 Αἰθιό-

277 2352 350 2375 πων
377 2339 555 2386 μετέχοντι
579 2339 659 2383 206,
678 2347 696 2372 4

230 2396 416 2441 μετέωρος·
445 2396 558 2443 ὀχετοὶ
585 2395 750 2442 μετέωροι
774 2396 852 2439 483,
871 2401 912 2430 62

231 2452 431 2497 μετοικίζω·
457 2451 642 2498 ἐκράτησεν
666 2456 735 2485 τῶν
755 2450 988 2498 Περγαμηνῶν

275 2508 333 2542 καὶ
358 2505 542 2554 μετῴκισεν
571 2507 694 2546 αὐτοὺς
719 2508 774 2542 ἐπὶ
796 2508 853 2542 τὸν
877 2506 989 2542 κολω-

275 2566 332 2600 νὸν
357 2564 406 2603 εἰς
428 2565 493 2610 τὴν
517 2564 669 2599 παλαιὰν
692 2564 791 2599 πόλιν
817 2565 895 2608 264,
916 2572 931 2598 7

232 2621 471 2668 μετονομάζω·
519 2620 670 2666 ὀνόματα
711 2620 754 2656 τὰ
801 2633 989 2666 μετονομα-

277 2678 402 2714 σθέντα
426 2678 466 2713 ἐκ
487 2684 554 2713 τῶν
580 2677 772 2726 ἐπιχωρίων
799 2679 936 2722 345,15

231 2735 390 2781 μετουσία
413 2741 481 2771 τῶν
506 2735 654 2783 ἀρχείων
689 2736 767 2779 229,
793 2743 845 2769 77.
911 2747 989 2780 μετ·

276 2793 389 2828 ουσίαν
415 2793 531 2831 αὐτοῖς
554 2794 665 2840 ὦνπερ
689 2793 747 2827 καὶ
770 2796 845 2830 τοῖς
868 2791 989 2830 ἄλλοις
1062 2793 1197 2838 μιαρός·
1222 2792 1259 2839 έγ
1285 2794 1408 2837 μιαροῦ
1433 2790 1596 2837 γένωνται
1620 2790 1698 2834 218,
1717 2796 1758 2825 86
1824 2793 1834 2821 ξ

277 2849 442 2888 θιασίταις
468 2850 621 2894 μέτεστιν
647 2850 726 2894 735,
741 2856 781 2883 23

232 2907 384 2952 μετρέω·
417 2907 622 2952 μετρήσουσι
651 2903 730 2940 κατ’
769 2906 842 2944 ἔτος
872 2905 921 2943 εἰς
951 2905 989 2939 τὸ
1022 2918 1026 2940 ι

948 148 1099 182 ludices.

1758 207 1816 216 --.

1107 285 1195 330 ἱερὸν
1220 285 1281 324 τὰς
1303 285 1378 325 ἴσας
1402 285 1572 333 (ἀρτάβας)
1596 288 1741 332 179,18.
1781 299 1817 322 ν.

1106 344 1216 377 etiam
1241 352 1270 377 s.
1286 353 1321 378 v.
1347 342 1470 390 μέτρον

1060 399 1261 445 μετρήματα
1283 400 1363 444 229,
1386 407 1448 435 107

1062 457 1232 503 μετρητής
1256 457 1336 501 266,
1354 464 1371 490 4

1062 513 1202 560 μέτρον·
1228 513 1286 549 ἐάν
1309 526 1360 552 τις
1382 512 1507 563 εὑρεθῇ
1533 512 1680 562 Κιλαίῳ
1705 514 1817 563 μέτρῳ

1108 575 1240 616 μετρῶν
1265 571 1344 615 579,
1371 577 1402 606 2.
1450 574 1583 619 μετρεῖν
1615 571 1654 606 δὲ
1683 572 1819 619 μέτροις

1107 627 1159 666 οἷς
1182 626 1206 673 ἡ
1232 627 1332 667 πόλις
1354 628 1566 674 νομιτεύεται
1589 630 1668 674 579,
1687 637 1718 664 6.
1758 629 1820 675 μέ·

1105 697 1169 731 τρα
1195 686 1272 729 176,
1292 693 1324 720 8.
1350 686 1427 730 178,
1447 694 1464 720 9

1062 745 1188 787 μῆκος·
1207 741 1263 776 διὰ
1277 742 1316 776 τὸ
1334 746 1446 788 μῆκος
1461 745 1522 778 τοῦ
1538 742 1665 790 χρόνου
1683 744 1761 788 666,
1777 750 1816 777 27

1062 798 1208 844 μηλωτὴ
1234 798 1395 845 πόρφυρα
1418 801 1496 844 629,
1517 807 1558 834 32

1061 855 1200 902 μηνύω·
1218 855 1358 902 μηνύσω
1376 857 1454 900 229,
1474 864 1527 893 68.
1565 858 1614 904 τῷ
1634 857 1821 904 μηνύσαντι

1106 912 1165 947 καὶ
1180 912 1291 947 ἑλόντι
1307 914 1386 957 515,
1406 920 1459 949 23.
1475 921 1530 949 27.
1566 914 1620 959 τῷ
1633 913 1821 960 μηνύσαντι
1856 958 1858 961 ¹

1107 970 1145 1005 τὸ
1169 969 1413 1016 τετραπλάσιον
1438 969 1542 1017 μέρος
1559 970 1659 1006 δώσω
1683 972 1762 1015 665,
1777 977 1819 1006 29
1849 987 1858 1022 j

1063 1026 1344 1073 μητροκολωνεία
1367 1027 1446 1071 646,
1465 1035 1495 1062 5.
1515 1035 1554 1062 11

1063 1083 1290 1131 μητροκωμία
1314 1084 1392 1127 609,
1411 1091 1444 1118 4.
1463 1092 1493 1119 5.
1512 1091 1566 1119 33.
1586 1091 1639 1119 34.
1665 1085 1743 1129 769,
1763 1093 1781 1119 9

1063 1141 1275 1205 μητρόπολις
1301 1142 1331 1175 1.
1355 1139 1485 1176 civita-s
1495 1140 1722 1187 primipalis
1733 1153 1858 1189 pro·
1856 1147 1858 1150 “

1107 1197 1266 1234 vinciae:
1291 1201 1355 1243 τῆς
1370 1195 1479 1237 Ἀσίας
1501 1217 1548 1223 —-·
1566 1195 1738 1245 Ἐφεσίων
1758 1198 1858 1238 πόοῖ

1107 1255 1160 1294 λις
1191 1256 1271 1299 496,
1296 1263 1326 1290 6.
1358 1256 1437 1299 510,
1463 1263 1492 1290 1.
1542 1259 1606 1302 τῆς
1634 1253 1741 1294 Ἀσίας
1775 1273 1822 1291 -,-
1851 1217 1858 1284 ί

1109 1311 1344 1359 Περγαμηνῶν
1377 1311 1476 1351 πόλις
1507 1313 1586 1356 513,
1614 1320 1643 1348 3.
1678 1332 1726 1338 -
1758 1317 1822 1360 τῆς
1848 1285 1858 1359 3

1107 1368 1275 1408 Βιθυνίας
1303 1367 1521 1416 Νικομήδεια
1549 1370 1628 1414 528,
1648 1378 1678 1404 9.
1698 1377 1752 1404 16.
1775 1387 1822 1395 —-
1846 1363 1858 1414 3

1107 1426 1131 1472 ἡ
1157 1425 1366 1473 μητρόπολις
1392 1431 1455 1472 τῆς
1479 1424 1646 1464 Γαλατίας
1667 1425 1821 1473 Σεβαστὴ

1108 1483 1332 1530 Τεκτοσάγων
1367 1481 1514 1530 Ἅγκυρα
1546 1484 1704 1527 548,13.
1758 1487 1823 1529 τῆς

1108 1541 1351 1589 μητροπόλεως
1363 1537 1523 1587 Ἀγκύρας
1541 1541 1659 1584 545,5.
1679 1541 1823 1584 547,12.
1856 1537 1858 1581 ζ

1108 1600 1186 1643 549,
1207 1606 1237 1632 6.
1261 1617 1306 1623 -
1330 1594 1575 1643 Κοροπισσέων
1598 1601 1663 1644 τῆς
1679 1595 1822 1643 Κιητῶν

1108 1654 1352 1703 μητροπόλεως
1384 1655 1462 1699 574,
1492 1662 1524 1689 5.
1558 1673 1605 1680 -
1637 1658 1700 1701 τῆς
1736 1653 1826 1698 λαμ-

1111 1712 1282 1760 προτάτης
1342 1709 1521 1755 (Κιλικίας)
1578 1711 1823 1759 μητροπόλεως

1109 1768 1340 1816 Ἀναζαρβέων
1371 1770 1448 1812 577,
1466 1776 1498 1803 4.
1533 1787 1581 1794 -
1613 1767 1823 1815 μητρόπολις

1109 1833 1177 1862 τῶν
1194 1820 1226 1874 γ’
1239 1826 1432 1874 ἐπαρχειῶν
1449 1823 1623 1869 Κιλικίας,
1643 1822 1822 1873 Ἰσαυρίας,

1110 1883 1303 1922 Λυκαονίας
1338 1881 1472 1930 Ταρσός
1507 1883 1586 1927 578,
1613 1890 1644 1917 8.
1680 1901 1726 1908 -
1758 1887 1822 1928 τῆς

1107 1939 1273 1986 (Κύπρου)
1295 1938 1539 1987 μητροπόλεως
1555 1938 1677 1986 Πάφου
1696 1939 1774 1983 585,
1789 1946 1820 1974 6.

1103 2017 1151 2023 -
1183 1997 1338 2033 Ξανθίων
1373 2000 1436 2042 τῆς
1473 1995 1720 2042 μητροπόλεως
1758 1999 1820 2031 τοῦ

1105 2054 1242 2090 Λυκίων
1268 2053 1391 2091 ἔθνους
1415 2053 1494 2096 559,
1513 2059 1543 2086 6.
1567 2071 1615 2078 —-
1639 2051 1661 2098 ἡ
1692 2053 1820 2100 μητρό-

1104 2110 1203 2148 πολις
1231 2115 1295 2156 τῆς
1318 2108 1561 2157 Παφλαγονίας
1590 2107 1820 2156 Πομπηϊόπο-

1105 2167 1157 2206 λις
1181 2169 1259 2211 546,
1279 2174 1332 2202 1ο.
1365 2186 1409 2192 -
1442 2166 1652 2213 μητρόπολις
1677 2165 1819 2210 (Πόντου

1105 2222 1130 2258 Γ
1132 2223 1305 2265 αλατικοῦ)
1322 2220 1483 2269 Ἀμάσεια
1507 2224 1585 2267 529,
1604 2229 1658 2257 24.
1681 2241 1728 2248 -
1752 2235 1827 2268 μη·-

1103 2280 1262 2327 τρόπολις
1279 2279 1412 2316 Πόντου
1427 2279 1718 2325 (Πολεμωνιακοῦ)
1731 2277 1819 2315 Νεο-

1104 2338 1281 2385 καισάρεια
1310 2338 1389 2382 529,
1414 2345 1446 2372 7.
1488 2355 1533 2362 -
1574 2336 1818 2382 μητροπόλεως
1838 2354 1844 2375 :-

1106 2394 1285 2441 Φοινείκης
1304 2393 1438 2440 (Τύρου)
1456 2394 1533 2438 595,
1552 2400 1582 2428 2.
1599 2412 1647 2419 -
1661 2394 1694 2428 2.
1711 2385 1843 2438 capus

1104 2451 1210 2487 nomi
1237 2450 1466 2497 Aeyyptiaci:
1499 2450 1531 2485 οἱ
1559 2450 1627 2485 ἀπὸ
1654 2455 1716 2496 τῆς
1750 2462 1831 2495 μηί

1103 2509 1299 2554 τροπόλεως
1334 2508 1393 2542 καὶ
1427 2510 1490 2542 τοῦ
1526 2510 1635 2553 νομοῦ
1676 2508 1755 2551 659,
1784 2512 1818 2542 2.

1106 2567 1184 2610 661,
1210 2572 1240 2600 2.
1289 2565 1324 2599 ἐν
1354 2565 1399 2613 τῇ
1430 2563 1642 2610 μητροπόλει
1671 2566 1732 2598 τοῦ
1761 2565 1823 2598 νοα·4

1107 2625 1172 2667 μοῦ
1198 2622 1276 2666 665,
1297 2629 1350 2656 11.
1369 2628 1410 2655 63

1061 2678 1203 2723 μιαίνω·
1224 2681 1285 2713 τοῦ
1310 2678 1348 2712 δὲ
1372 2676 1473 2723 ἀέρος
1495 2678 1539 2723 τῇ
1557 2676 1702 2724 νηνεμίᾳ
1727 2677 1827 2722 μιαι-’

1105 2735 1251 2780 νομένου
1278 2735 1413 2779 194,15
1820 2749 1822 2752 v

1062 2849 1222 2896 μίγνυμι·
1247 2847 1361 2894 μείξας
1383 2848 1436 2894 τῷ
1457 2846 1689 2894 φιλανθρώπῳ
1712 2846 1751 2880 τὸ
1770 2844 1833 2880 6(-

1105 2917 1201 2940 καιον
1226 2905 1304 2948 502,
1324 2912 1339 2938 7
1413 2915 1420 2918 ·
