1858 3126
227 156 309 196 722

269 290 367 338 ὀλίγα
391 291 429 326 δὲ
452 292 509 326 καὶ
533 293 599 326 τῶν
619 290 711 326 ἰδίων
734 290 905 330 ἐπιδιδοὺς
922 292 982 326 καὶ

266 354 427 396 χορηγῶν
446 348 587 384 διετέλει
612 349 690 393 326,
711 357 763 384 14.
812 348 982 397 ἐχορήγη-

268 418 324 440 σεν
343 406 381 441 δὲ
396 406 454 441 καὶ
470 405 609 455 ξύστρας
636 407 714 451 339,
734 412 787 441 72.
827 406 982 454 χρήμασι

268 464 523 511 χορηγήσαντες
553 464 705 508 248,16.
757 463 846 510 μηδὲ
875 475 982 511 χορη-

267 520 366 568 γείτω
390 526 463 560 τοῖς
490 540 539 546 ——
566 520 745 567 πολεμίοις
779 521 865 567 μήτε
895 521 981 568 χρή-

268 590 359 624 ματα
384 578 472 624 μήτε
496 577 622 625 ἀγοράν
647 579 726 621 437,
747 585 799 613 68.
819 585 858 612 71

221 635 370 683 χορηγία
410 636 465 680 90,
495 643 549 670 22.
608 634 772 680 ἀνελλιπῆ
815 633 981 683 χορηγίαν

269 692 455 739 λαμβάνων
489 694 663 738 383,156.
720 691 798 727 οὔτε
829 691 981 737 δαπάνης

267 751 326 785 ’καὶ
364 750 531 798 χορηγίας
580 750 741 796 οὐδεμιᾶς
782 750 981 796 φειδόμενος

269 809 347 852 339,
367 816 398 842 4.
446 808 531 852 μετὰ
560 806 712 854 μεγάλης
746 807 900 853 δαπάνης
923 807 982 841 καὶ

267 864 433 911 χορηγίας
459 866 585 909 56,10.
635 863 827 911 παραλῦσαι
859 863 982 909 βουλό-

271 934 371 967 μενος
411 925 473 966 τῆς
509 921 557 959 εἰς
592 925 698 956 ταῦτα
735 921 889 967 δαπάνης
924 921 983 954 καὶ

269 978 434 1027 χορηγίας
463 978 544 1017 τοὺς
575 975 788 1017 Ἀτταλιστάς
829 979 907 1022 326,
928 985 981 1012 31.

269 1035 454 1081 ὑπομείνας
472 1034 670 1082 φιλαγάθως
686 1036 750 1081 τὴν
775 1034 811 1069 ἐν
827 1038 901 1073 τοῖς
925 1034 983 1069 δα-

269 1092 484 1138 πανωμένοις
499 1092 665 1140 χορηγίαν
691 1092 837 1136 339,28.
877 1104 984 1140 χορη-

269 1149 338 1196 γίαι
367 1150 520 1193 494,10.
572 1149 606 1189 ἐξ
635 1149 678 1194 ἧς
712 1147 910 1196 (Αἰγύπτου)
943 1148 983 1187 ἃς

269 1206 316 1245 εἰς
340 1207 398 1241 τὸν
426 1206 497 1252 βίον
528 1205 662 1241 ἅπαντα
690 1206 854 1254 χορηγίας
886 1206 983 1254 ἔχετε

271 1264 350 1308 669,
369 1271 410 1298 46

223 1321 346 1370 χορός·
382 1321 483 1370 χοροὶ
519 1320 672 1368 ἀγγέλων
710 1322 788 1366 610,
809 1329 840 1355 3.
893 1319 928 1355 ἐν
961 1315 984 1369 ᾗ

272 1378 406 1426 (ἡμέρᾳ)
431 1377 511 1416 τοὺς
527 1378 655 1427 χοροὺς
678 1377 812 1424 ἵστησιν
837 1377 861 1424 ἡ
887 1377 984 1416 πόλις

270 1436 312 1483 τῇ
337 1435 401 1482 θεᾷ
425 1435 559 1479 299,18

223 1493 436 1542 χοροστάτας
459 1494 493 1536 4,
513 1500 553 1527 36

226 1549 390 1597 χορτασία
415 1551 493 1593 200,
515 1557 553 1583 17

224 1610 325 1654 χοῦς·
351 1607 435 1654 χοός
459 1607 538 1651 483,
560 1613 614 1641 60.
654 1606 713 1641 ἐάν
737 1618 825 1645 τινες
850 1605 885 1640 ἐν
909 1609 986 1645 ταῖς

272 1663 364 1703 ὁδοῖς
387 1667 473 1711 χοῦν
499 1662 683 1710 ὀρύσσωσιν
709 1664 788 1707 483,
809 1670 847 1697 61

224 1721 322 1769 χρεία
351 1720 509 1766 passim.
564 1726 631 1755 τῶν
668 1720 724 1755 ἐπὶ
759 1723 834 1758 ταῖς
870 1719 986 1767 χρείας

273 1779 351 1821 665,
373 1786 412 1812 19

223 1834 567 1882 χρεωφυλαοιήσαντα
593 1836 670 1878 511,
692 1842 706 1868 1

224 1892 390 1940 χρήματα
418 1891 600 1937 (pecunia)
620 1891 768 1937 passim

223 1949 445 1996 χρηματίζω·
469 1949 548 1988 τοὺς
571 1949 756 1996 προέδρους
780 1968 824 1974 -
848 1961 985 1996 χρημα-

270 2007 359 2041 τίσαι
383 2006 460 2053 περὶ
489 2007 619 2041 τούτων
652 2007 728 2050 117,
750 2014 801 2040 10.
835 2007 911 2050 118,
932 2013 983 2040 12.

271 2064 414 2107 248,29.
442 2064 582 2107 771,21.
623 2063 665 2097 τὰ
691 2062 739 2101 ε’ίς
764 2075 838 2097 τινα
861 2063 984 2110 χρόνον

272 2120 579 2167 κεχρηματισμὲνα
595 2119 838 2166 προστάγματα
855 2120 932 2163 329,
946 2126 983 2153 14
1019 2135 1022 2178 γ

225 2176 479 2225 χρηματισμός·
516 2180 579 2222 τῆς
609 2175 789 2215 ἐντεύξεως
818 2175 877 2209 καὶ
899 2176 982 2218 τ(οῦ)

271 2233 354 2280 πρὸς
394 2233 500 2280 αὐτὴν
541 2236 785 2281 χρηματισμοῦ
826 2234 905 2276 736,
931 2239 984 2266 23.

273 2289 499 2338 ἐνγράφεσθαι
536 2289 571 2324 ἐν
604 2293 684 2324 πᾶσι
713 2294 786 2328 τοῖς
815 2301 985 2338 χρηματι-

273 2351 373 2393 σμοῖς
400 2349 453 2392 56,
474 2354 527 2381 23.
573 2347 807 2394 ’καταχωρίσαι
831 2346 879 2384 εἰς
903 2346 986 2381 πάν-

271 2417 332 2443 τας
355 2405 435 2442 τοὺς
467 2403 726 2450 χρηματισμούς
761 2405 816 2447 90,
838 2411 889 2438 51.
937 2403 986 2436 δι-

274 2461 366 2495 δόναι
396 2460 475 2498 τοὺς
504 2459 722 2505 καθήκοντας
754 2460 833 2506 περὶ
855 2459 984 2494 τούτων

272 2516 533 2565 χρηματισμούς
572 2517 648 2560 139,
678 2524 729 2550 18.
783 2517 818 2551 ἔν
849 2528 884 2550 τε
913 2520 985 2555 τοῖς

271 2576 526 2621 χρηματισμοῖς
556 2573 852 2620 καταχωρίζεσθαι
883 2573 984 2608 αὑτὸν

272 2630 433 2678 ἀρχιερέα
457 2631 535 2674 244,
555 2637 594 2665 32

226 2687 456 2736 χρηματισταὶ
486 2687 518 2722 οἱ
548 2688 587 2722 τὸ
620 2679 654 2734 η’
677 2686 736 2721 καὶ
766 2682 799 2722 θ’
822 2686 896 2725 ἔτος
929 2700 984 2722 κε·
1019 2705 1021 2709 ·

272 2744 521 2792 χρηματικότες
549 2746 624 2789 106,
645 2751 661 2778 6

227 2802 383 2850 χρησμός
401 2802 478 2845 228,
492 2809 584 2836 616.
610 2803 818 2846 233,25.39.
843 2802 984 2846 234,16.

274 2858 425 2905 χρησμοί
450 2859 526 2902 227,
547 2867 563 2892 4

226 2915 419 2962 χρηστήρια
444 2915 609 2959 (supelleae
623 2915 843 2959 dome-etiem·
868 2914 983 2950 ἀπέλι-
1007 2951 1016 2959 ,

1020 2180 1021 2191 ¹
1055 2175 1182 2222 χωρίον
1202 2175 1349 2220 passim

939 155 1090 188 Indices.

1099 303 1158 326 πεν
1195 291 1233 326 δὲ
1262 293 1322 327 καὶ
1355 292 1397 328 τὰ
1430 292 1515 340 πρὸς
1550 293 1810 342 εὐσχημοσύνην

1098 350 1148 395 τῷ
1169 349 1304 395 τεμένει
1325 350 1519 398 χρηστήρια
1543 349 1644 386 ἱκανοί
1669 351 1748 396 326,
1769 360 1807 388 30

1052 405 1215 454 χρονίζω·
1257 405 1292 441 ἐν
1334 407 1372 442 δὲ
1409 407 1459 455 τῷ
1497 407 1665 455 χρονίζειν
1705 408 1811 444 ἐνίοτε

1099 463 1213 498 πολλὰ
1243 463 1302 498 οιαὶ
1332 463 1512 511 παράλογα
1547 464 1740 511 συμβαίνειν
1777 468 1809 510 5,

1102 529 1154 556 19.
1175 528 1215 557 20

1052 577 1176 625 χρόνος
1195 577 1340 624 passim

1052 634 1210 683 χρυσίον·
1250 635 1289 670 τὸ
1320 634 1459 682 χρυσίον
1494 635 1533 670 τὸ
1569 635 1618 675 εἰς
1648 636 1690 672 τὰ
1722 636 1812 678 ξένια

1100 693 1178 736 223,
1199 701 1215 727 5

1051 750 1178 797 χρυσός
1199 749 1346 794 passim

1052 810 1200 853 χρυσοῦς
1236 809 1265 841 1.
1296 807 1515 843 adieetivum
1541 807 1697 854 passim.
1741 809 1809 845 ἀπὸ

1099 865 1274 910 στατήρων
1323 870 1457 912 χρυσῶν
1514 865 1634 900 ἑκατόν
1691 868 1724 911 6,
1758 873 1812 901 27.

1099 923 1132 956 2.
1163 920 1430 957 substcmtivum
1463 924 1496 965 (i.
1513 933 1548 966 q.
1573 923 1699 969 στατὴρ
1728 935 1812 970 χρυ-

1101 980 1207 1020 σοῦς);
1255 982 1397 1026 χρυσοῖς
1444 979 1659 1025 πεντήκοντα
1706 981 1738 1024 6,
1757 987 1812 1016 29.
1851 971 1858 1013 ’ς

1101 1034 1254 1081 στεφάνῳ
1267 1053 1314 1060 —
1325 1034 1393 1070 ἀπὸ
1405 1041 1543 1083 χρυσῶν
1555 1035 1674 1082 χιλίων
1695 1038 1747 1081 11,
1760 1044 1774 1071 1
1782 1045 1813 1072 4.
1848 1028 1858 1082 ,f

1101 1091 1167 1127 ἀπὸ
1191 1097 1328 1140 χρυσῶν
1353 1091 1528 1140 δισχιλίων
1553 1094 1631 1138 456,
1651 1101 1689 1128 61
1849 1096 1858 1124 l:

1054 1148 1208 1197 χρυσόω·
1261 1149 1323 1195 τὴν
1370 1146 1566 1196 Ἀφροδίτην
1615 1149 1812 1199 ἐχρύσωσαν
1842 1125 1858 1197 ,1

1101 1207 1179 1250 525,
1201 1214 1254 1241 15.
1294 1206 1513 1252 παραστήσας
1537 1207 1632 1255 κριὸν
1659 1209 1706 1246 ὡς
1729 1207 1814 1245 Ιιιάλ-
1851 1231 1854 1232 ⁷

1101 1262 1213 1297 λιστον
1261 1263 1524 1311 κεχρυσωμένον
1578 1264 1623 1300 τὰ
1685 1264 1812 1311 κὲραζα
1834 1276 1849 1310 *g

1103 1321 1182 1364 764,
1202 1327 1241 1354 27

1054 1379 1267 1425 χρυσώματα
1291 1378 1370 1423 214,
1390 1385 1444 1413 26.
1465 1385 1517 1413 30.
1538 1386 1578 1414 52
1838 1416 1856 1424 ,,

1054 1434 1240 1483 χρύσωσις·
1273 1436 1335 1482 τὴν
1360 1435 1437 1481 περὶ
1458 1435 1516 1470 τὸν
1540 1436 1620 1471 ναὸν
1643 1431 1854 1488 xpzsscmows

1104 1493 1181 1536 206,
1202 1501 1219 1526 5
1834 1494 1837 1500 '

1054 1554 1180 1596 χῶμα·
1219 1549 1375 1597 χώμασίν
1411 1562 1448 1584 τε
1481 1549 1540 1584 ’καὶ
1578 1549 1719 1597 τάφροις
1756 1548 1846 1594 καὶ-«ἔ

1101 1606 1244 1654 τείχεσιν
1269 1606 1374 1653 αὐτὴν
1399 1607 1473 1654 (τὴν
1490 1606 1600 1650 πόλιν)
1625 1606 1830 1655 ἀξιολόγοις»

1102 1663 1301 1712 περιέλαβεν
1327 1664 1382 1708 90,
1398 1671 1438 1698 24

1055 1722 1228 1768 χώννυμι·
1267 1722 1326 1756 καὶ
1358 1721 1388 1756 εἴ
1425 1734 1510 1760 τινες
1541 1720 1579 1756 δὲ
1616 1713 1814 1766 (δεξαμεναὶ)

1102 1778 1267 1825 πρότερον
1291 1778 1510 1826 κεχωσμὲναι
1534 1777 1620 1813 εἰσίν
1651 1779 1729 1823 483,
1749 1785 1812 1818 200

1055 1836 1155 1881 χώρα
1167 1834 1322 1879 passim.
1363 1835 1606 1883 διατετήρηκεν
1625 1834 1681 1870 ἐπὶ
1695 1837 1813 1882 χώρας

1105 1891 1158 1934 (in
1180 1892 1300 1927 eodem
1322 1895 1420 1928 statu
1435 1891 1665 1936 eommuvit)
1691 1893 1745 1936 90,
1759 1899 1812 1928 33.

1105 1948 1217 1993 μένειν
1243 1949 1298 1984 ἐπὶ
1322 1951 1439 1998 χώρας·
1463 1951 1518 1994 90,
1539 1957 1578 1985 16

1056 2006 1225 2052 χωρικός·
1251 2006 1383 2052 μηδένα
1405 2012 1474 2040 τῶν
1498 2007 1640 2052 ἐνγενῶν
1664 2002 1815 2045 Ἀλεξαν-

1104 2061 1210 2106 δρέων
1236 2062 1285 2100 εἰς
1314 2062 1525 2110 λειτουργίας
1554 2061 1707 2111 χωρικὰς
1737 2061 1813 2110 ἄγε-

1104 2118 1183 2153 σθαι
1209 2120 1286 2160 669,
1308 2127 1346 2153 34

1056 2232 1328 2280 χωρογραφήσας
1353 2234 1430 2277 205,
1451 2242 1467 2268 3

1056 2346 1215 2391 ψαμμός·
1242 2346 1403 2393 πλείστης
1429 2347 1573 2394 ψαμμοῡ
1598 2348 1677 2392 666,
1696 2354 1736 2382 27

1056 2402 1201 2450 ψᾶφιγξ·
1225 2408 1340 2450 κρῖναι
1365 2404 1427 2450 μὲν
1451 2403 1553 2440 αὖτον
1577 2404 1724 2451 κρύπται
1746 2404 1784 2450 ψ

1103 2473 1193 2508 φιγγι
1218 2462 1250 2505 8,
1271 2468 1323 2495 16.
1344 2469 1383 2496 56
1851 2454 1855 2457 Δ

1056 2517 1203 2564 ψευδής·
1229 2517 1288 2552 ἐάν
1305 2530 1337 2551 τι
1353 2516 1519 2563 εὑρεθῶσι
1535 2517 1657 2564 ψευδὲς
1679 2517 1703 2563 ἢ
1721 2529 1757 2552 π
1776 2536 1781 2544 ·>
1806 2513 1811 2525 “

1101 2575 1139 2609 τὸ
1163 2574 1239 2610 δέον
1265 2574 1562 2621 παραγεγραφότες
1587 2575 1665 2618 669,
1685 2582 1724 2608 54
1799 2607 1828 2632 .-

1056 2631 1242 2678 ψεύδομαι·
1282 2631 1362 2669 τοὺς
1393 2630 1626 2678 ψευσαμένους
1660 2632 1738 2675 665,

1103 2687 1161 2723 ἐὰν
1202 2687 1240 2722 δέ
1277 2700 1329 2727 τις
1369 2687 1556 2736 ἐξελεγχθῇ
1601 2687 1736 2734 ψευσάμ
1856 2717 1858 2728 ,

1104 2745 1181 2789 669,
1201 2752 1240 2780 58
1805 2743 1821 2768 w·

1055 2802 1218 2848 ψήφισμα
1243 2802 1422 2848 (ψάφισμα)
1441 2800 1588 2845 passim
1799 2818 1813 2841 1,

1055 2858 1169 2905 ψῆφος
1195 2858 1327 2905 (ψᾶφος)
1356 2859 1386 2891 1.
1411 2856 1635 2903 suffraqium
1653 2868 1737 2903 pas
1754 2856 1763 2865 '
1797 2855 1831 2906 ἴ,
1855 2868 1857 2873 ·

1100 2917 1132 2950 2.
1158 2916 1268 2962 ψῆφοι
1291 2914 1468 2950 rationes:
1494 2914 1593 2952 εἰδὼς
1608 2917 1708 2949 τοῦτο
1726 2925 1764 2950 συ
