1858 3126
173 131 257 172 734

219 269 464 302 dedicationes
511 266 590 300 480.
627 264 705 298 481.
738 265 817 298 496.
853 265 930 298 523.

218 326 315 359 tituli
356 326 681 359 monumentorum
719 323 932 356 honorario-

218 393 300 416 rum
332 383 410 416 405.
436 382 516 415 429.
541 381 618 415 512.
645 380 722 414 518.
756 380 832 413 534.
866 379 932 413 768

172 442 322 475 Eresus:
349 440 493 473 decreta
519 440 563 472 de
587 439 753 481 tyrannis
778 438 798 471 8

172 499 274 532 Eriza
285 494 643 541 (Karayuk-Baxar):
654 497 932 529 monumentum

219 555 455 589 honorarium
482 554 548 587 238

173 613 365 655 Erythrae:
392 612 549 654 epistula
576 612 745 645 Antiochi
769 612 863 653 regis
888 611 933 644 ad

218 670 441 712 Erythraeos
466 669 532 702 223

174 728 390 761 Euhemeria
430 727 533 760 nomi
564 726 766 759 Arsinoitae
806 723 933 763 (Kasr-

218 783 417 826 el-Banat):
466 784 653 817 decretum
691 783 735 816 de
781 782 932 816 delubro
967 751 971 814 Ι

219 842 465 875 consecrando
493 841 558 874 736

173 900 364 932 Eumenia:
391 899 579 931 decretum
606 898 650 930 de
667 897 767 931 fastis
786 898 934 940 provin·

220 956 374 989 cialibus
398 955 504 988 Asiae
529 955 596 989 458

173 1089 264 1121 Fons
297 1087 530 1120 felicissimus
567 1087 740 1119 Traianus
779 1086 934 1118 Dacicus

222 1141 616 1186 (Dsehebel-Fateereh):
644 1143 823 1176 dedicatio
841 1145 932 1176 tem-

221 1202 271 1244 pli
296 1201 363 1234 678

175 1334 379 1367 Gasimmea
429 1330 646 1375 (Dsehasim)
694 1331 932 1364 Auranitidis:

222 1391 502 1423 monumentum
543 1390 781 1423 honorarium
823 1389 934 1421 Flavii

221 1449 311 1481 Boni
338 1447 403 1479 613

176 1505 307 1538 Gerasa
326 1502 590 1546 (melleo-asem:
616 1503 816 1536 aedificatio
836 1511 934 1535 moe·

222 1563 321 1595 nium
348 1561 425 1594 621.
463 1560 643 1594 dedicatio
679 1559 868 1602 propylaei
899 1561 935 1592 et

222 1620 388 1662 porticus
399 1617 476 1650 625.
503 1617 703 1650 aedificatio
720 1615 934 1659 templi622.

222 1676 465 1708 dedicationes
492 1674 569 1708 620.
595 1674 673 1708 623.
722 1675 842 1707 statua
866 1674 935 1707 Ha-

222 1733 336 1765 driani
361 1733 516 1774 Augusti
540 1731 607 1764 624

181 1788 302 1824 Glzaxi
333 1790 489 1832 regionis
529 1789 631 1822 Delta
669 1797 783 1831 prope
812 1789 934 1822 Nilum

221 1848 476 1880 Rosettanum:
516 1848 795 1878 monumentum
820 1846 935 1879 Ptole-

223 1905 315 1937 maei
341 1904 593 1937 philometoris
621 1903 685 1935 106

182 1959 315 1995 Ghedis
342 1961 530 2003 Phrygiae:
561 1960 724 1993 Chromii
747 1960 868 1992 herois
888 1960 934 1992 si-

224 2018 427 2050 mulacrum
453 2018 519 2050 446

176 2153 468 2196 Hadrianopolis:
495 2153 672 2186 dedicatio
690 2153 775 2185 divo
794 2152 938 2198 Nervae*

223 2211 290 2244 539

178 2269 465 2302 Halicarnassus:
492 2267 680 2300 decretum
705 2267 749 2299 de
774 2268 855 2300 stoa
874 2276 934 2299 ex-

223 2326 395 2358 struenda
406 2324 460 2359 46.
486 2324 665 2358 dedicatio
684 2323 839 2357 aedificii
856 2323 934 2356 525.

224 2385 344 2415 statua
369 2383 566 2416 Ptolemaei
592 2383 606 2414 1
633 2381 674 2414 16

177 2437 419 2473 Hammamat
442 2440 536 2472 inter
553 2439 694 2481 Copton
712 2440 747 2471 et
770 2438 934 2471 Rubrum

224 2505 340 2528 mare:
368 2498 647 2538 proscynemata
664 2495 835 2537 praefecti
860 2503 935 2527 me-

223 2554 393 2586 tallorum
419 2554 456 2585 et
480 2561 674 2594 operarum
699 2552 765 2584 660

178 2610 319 2643 Helbon
333 2610 458 2653 Syriae
473 2607 657 2651 (Halb‘ffsnk
673 2608 852 2641 dedicatio
868 2607 934 2640 420

177 2667 375 2710 Heliopolis
401 2664 595 2708 (Baalbelc):
627 2666 814 2707 inscriptio
840 2665 936 2698 aedi-

223 2724 294 2756 ficii
320 2725 386 2757 605

179 2781 347 2814 Heraclea
372 2781 417 2814 ad
440 2781 622 2813 Latmum:
649 2779 846 2813 laterculus
865 2780 936 2812 ste-

224 2838 544 2880 phanephororum
561 2837 638 2870 459.
664 2837 853 2879 inscriptio
870 2836 935 2869 ho·

225 2895 352 2936 rologii
378 2894 422 2926 24

889 126 1038 160 Indices.

1003 266 1235 309 Hermupolis

1050 324 1229 357 dedicatio
1255 324 1396 358 delubri
1424 325 1488 359 182

1004 379 1139 415 Hesseh
1164 390 1280 424 prope
1310 382 1448 416 Philas:
1481 386 1760 418 monumentum

1282 277 1412 311 magna
1468 266 1759 312 (Asehmmwinh
1830 279 1831 283 ¹

1050 439 1286 472 honorarium
1300 439 1495 473 Ptolemaei
1505 440 1762 475 Philometoris
1828 439 1833 445 '

1054 496 1112 528 121

1005 553 1222 597 Hierapolis:
1241 555 1502 597 populiscitum
1520 554 1565 588 de
1577 555 1764 598 Apolloni·
1836 547 1845 567 ⁷

1051 611 1106 644 dis

1051 668 1359 711 paraphylacibus
1384 668 1449 701 527

1004 725 1297 759 Hierocaesarea:
1329 725 1484 760 Litterae
1518 727 1612 769 regis
1636 726 1681 760 de
1705 735 1762 760 sa-

1050 783 1122 815 cris
1147 783 1235 815 deae
1259 784 1384 825 Syriae
1409 783 1476 816 333

1004 839 1209 882 Hieropolis
1234 840 1378 874 Ciliciae
1402 837 1762 891 (Βαάντωι-Καῑεεεῦε

1154 611 1297 653 reginae
1339 612 1541 645 honoribus
1581 611 1660 646 308.
1717 612 1762 646 de
1828 638 1856 659 ,Δ

1050 898 1289 930 monumenta
1304 897 1579 930 Tarcondimoti
1595 897 1711 939 reguli
1727 899 1763 930 et

1051 953 1208 986 familiae
1233 955 1312 987 eius
1338 953 1414 987 752.
1441 953 1518 988 753.
1545 954 1611 988 ’154

1004 1010 1259 1052 Hierosolyma
1298 1012 1335 1044 et
1379 1011 1529 1044 vicinia:
1575 1011 1763 1054 inscriptio
1825 1022 1838 1050 ς

1051 1076 1238 1101 carcerum
1251 1068 1288 1101 in
1300 1068 1437 1111 templo
1451 1067 1530 1102 598.
1555 1068 1763 1102 ossum-ium

1050 1124 1239 1158 Nicanoris
1265 1124 1342 1159 599.
1390 1125 1587 1158 miliarium
1611 1124 1679 1158 600

1005 1181 1193 1224 Hypaepa:
1241 1182 1428 1215 decretum
1474 1181 1519 1215 de
1563 1182 1764 1216 honoribus
1799 1155 1827 1223 μζ

1053 1239 1302 1281 Theophronis
1328 1239 1405 1272 470.

1004 1351 1359 1398 Ιαῑοωαιῇ-Βοῖαὶανε
1385 1352 1526 1386 colonia
1548 1352 1765 1388 Antiochen-
1825 1388 1830 1392 ,

1053 1413 1148 1444 sium
1167 1410 1320 1443 Pisidiae
1344 1410 1546 1444 honoribus
1571 1410 1728 1444 afficitur
1742 1420 1764 1444 a
1823 1414 1827 1452 j

1053 1469 1195 1502 colonia
1218 1468 1470 1510 Lystrensium
1496 1466 1563 1501 536

1006 1527 1125 1559 Iasus:
1167 1525 1427 1568 populiscitum
1473 1524 1518 1557 de
1563 1525 1763 1559 honoribus
1797 1501 1827 1537 ‘v'

1781 1277 1820 1290 ”

1052 1583 1146 1624 regis
1170 1582 1338 1615 Antiochi
1363 1581 1441 1616 237.
1482 1584 1763 1616 monumentum
1821 1592 1829 1621 11
1851 1590 1855 1616 ἓ

1051 1640 1289 1673 honorarium
1303 1640 1431 1673 Iuliani
1448 1640 1680 1681 imperatoris
1698 1639 1764 1673 520
1812 1632 1819 1655 ⁴
1849 1678 1852 1682 ¹

1005 1697 1138 1730 Iberia:
1155 1698 1298 1730 moenia
1310 1697 1356 1730 ab
1368 1697 1588 1739 imperatore
1597 1698 1763 1731 extructa
1817 1703 1853 1747 j

1053 1753 1119 1785 379

1006 1811 1130 1843 Ilium:
1148 1811 1206 1843 lex
1219 1810 1262 1843 de
1276 1809 1524 1853 tyrannis218.
1543 1810 1765 1852 populiscita

1053 1868 1239 1900 Iliensium
1270 1867 1315 1900 de
1346 1867 1547 1900 honoribus
1577 1867 1717 1901 Seleuci
1747 1867 1763 1900 1
1814 1865 1850 1886 2⁷·

1052 1924 1131 1958 212.
1171 1924 1340 1958 Antiochi
1360 1926 1375 1957 1
1400 1924 1476 1957 219.
1517 1924 1648 1957 medici
1672 1925 1762 1966 regii

1053 1982 1129 2014 220.
1183 1981 1286 2015 ducis
1328 1983 1638 2014 Poemanenorum
1683 1981 1762 2014 443.
1823 1976 1849 2001 *⁴

1051 2040 1199 2080 pactum
1231 2039 1326 2070 inter
1360 2037 1526 2070 civitates
1561 2037 1763 2072 foederatas

1052 2096 1096 2127 de
1126 2094 1223 2127 feriis
1254 2095 1435 2127 Minervae
1459 2093 1537 2127 444.
1587 2095 1763 2138 epistulae
1823 2095 1831 2115 ἵ

1051 2151 1219 2184 Antiochi
1236 2151 1330 2191 regis
1346 2153 1383 2183 et
1393 2150 1561 2192 Meleagri
1577 2150 1656 2185 221.
1684 2161 1763 2185 mo·

1051 2210 1266 2242 numentum
1319 2208 1554 2242 honorarium
1606 2208 1644 2246 L.
1681 2209 1763 2242 lulli

1051 2266 1213 2299 Caesaris
1238 2265 1306 2297 440

1006 2324 1091 2365 Iope
1124 2323 1345 2355 Palaestinae
1375 2319 1499 2365 (Idfdn
1542 2322 1671 2357 titulus
1705 2331 1762 2357 se-
1795 2298 1803 2331 ³¹
1845 2301 1852 2322 ὲ

1051 2380 1223 2421 pulcralis
1249 2379 1315 2412 602

1006 2438 1077 2470 Ios:
1104 2437 1364 2479 populiscitum
1391 2436 1435 2469 de
1459 2436 1576 2469 servis
1600 2435 1761 2478 fugitivis
1796 2467 1798 2470 .

1051 2494 1117 2526 773

1005 2549 1143 2584 Isaura:
1171 2551 1450 2584 monumentum
1470 2550 1705 2583 honorarium
1723 2551 1761 2584 C.
1801 2552 1807 2593 j,

1053 2609 1167 2641 Etrilii
1192 2607 1316 2650 Regilli
1341 2606 1407 2638 576

1006 2666 1127 2698 Itanus
1146 2665 1270 2698 Cretae
1293 2661 1540 2706 (Et-imopoli)z
1565 2664 1761 2706 populisci-

1053 2724 1132 2755 tum
1149 2722 1193 2755 de
1211 2721 1362 2755 Patrocli
1374 2720 1577 2754 Macedonis
1589 2720 1761 2762 praefecti
1790 2722 1803 2763 ξ

1052 2779 1178 2812 classis
1202 2778 1403 2812 honoribus
1429 2777 1483 2809 45.
1526 2786 1621 2810 mon.
1647 2778 1760 2812 hono·
1791 2819 1806 2825 „

1053 2837 1188 2869 rarium
1213 2836 1372 2868 Philotae
1397 2833 1600 2875 Epidamnii
1626 2833 1691 2868 119
