1858 3126
203 170 287 212 378
384 170 473 203 VIII.
509 169 656 212 Imperii
679 168 832 203 Romani
856 169 1069 212 provinciae
1093 169 1296 203 orientales.
1344 172 1375 204 9.
1399 170 1596 214 Aegyptus.
1704 171 1784 214 [665

321 307 438 362 μόνον
470 305 723 363 δέΙχεσθαιῖθ
751 305 844 353 τοὺς
880 306 1176 363 διερχομένους,
1215 305 1520 362 ὑποκείμενόν27
1548 323 1592 350 τε
1631 308 1786 363 μηδένα

320 373 445 431 μηδὲν
474 373 674 431 πράτΙτειν
704 373 780 421 ἔξω
809 376 887 417 τῶν
919 373 993 417 ὑπὸ
1016 373 1250 430 Μαξίμουῖ8
1278 375 1560 418 οταθέντωνῖθ.
1593 374 1712 418 ἐὰνῦθ
1741 376 1786 418 δέ

318 459 377 491 τις
407 445 484 486 δῶι
511 445 539 500 ἢ
570 444 625 490 ὡς
656 443 880 499 δεΙὸομένον
909 444 1120 499 λογίσηται
1148 442 1218 485 καὶ
1238 441 1452 500 εἰσπράξηι
1478 443 1666 501 δημοσία,
1696 446 1788 487 τοῦ·

319 528 384 554 τον
421 511 465 555 τὸ
504 513 726 554 δεκαπλοῦν
759 510 765 567 1
798 510 937 568 ἐγὼ<ι>
982 510 1227 568 ἐκπράξω<ι>
1268 511 1315 554 οὔ
1358 511 1478 560 αὐτὸς
1512 512 1680 569 ἔπραξεν
1718 511 1785 555 τὸν

248 592 292 625 30
318 582 452 637 νομόν,
494 580 564 623 καὶ
593 583 667 623 τῶι
698 577 916 636 μηνύσαντι
943 579 956 637 ΙΙ
985 579 1028 622 τὸ
1060 578 1351 636 τετραπλάσιον
1383 581 1502 637 μέρος
1533 581 1712 637 ὃώσω<ι>
1742 582 1787 623 ἐκ

319 654 390 706 τῆς
424 652 494 692 τοῦ
531 649 839 706 κατακριθέντος
876 648 1027 696 οὐσίας.
1062 647 1068 705 Ι
1101 649 1155 704 ο[ἱ
1190 648 1261 705 μὲν
1301 648 1371 692 οὖν
1409 647 1626 706 β]ασιλικοὶ
1659 665 1789 706 γραμ-

323 719 503 774 ματεῖςῧ1
552 717 622 760 καὶ
673 718 1036 774 κωμογραμματεῖς
1089 717 1158 760 καὶ
1208 717 1640 774 τοτιτογραμΙ[μαι.·]εἴς32
1681 715 1787 760 κατὰ

206 861 380 906 cuiquam
403 860 605 905 diplomata
628 859 855 895 commodavi
874 870 987 904 neque
1009 859 1054 895 in
1075 870 1156 895 rem
1179 859 1295 895 ullam
1317 859 1400 895 m'se'
1420 862 1524 895 tuam
1545 859 1661 895 misi.
1678 869 1791 904 quam

201 921 417 963 perpetuam
439 916 680 954 servationem
702 927 825 952 meam
853 917 1032 961 quaedam
1060 915 1256 952 necessitas
1278 915 1382 961 rupit
1399 942 1406 951 .
1423 915 1535 952 uxori
1561 915 1662 952 enim
1689 926 1791 951 meac

205 974 336 1011 audita
358 977 472 1010 morte
494 974 558 1010 avi
584 973 718 1015 volenti
746 974 797 1010 ad
823 973 982 1009 amitam
1010 984 1121 1010 suam
1150 984 1339 1010 excurrere
1367 984 1479 1010 mmm
1507 984 1634 1010 eorum
1659 983 1792 1019 negare

204 1032 342 1068 durum
359 1031 500 1076 putavi.
541 1033 716 1065 Traianus
740 1032 838 1074 apud
862 1032 1019 1065 eundem
1046 1033 1130 1064 ⁴22:
1159 1030 1197 1066 si
1224 1033 1451 1076 eoepectasses,
1480 1030 1591 1066 donec
1620 1040 1678 1066 me
1706 1040 1791 1066 con-

205 1089 351 1133 suleres,
375 1099 428 1124 cm
447 1087 518 1123 iter
532 1087 659 1123 umoris
675 1090 758 1123 tuae
782 1086 1050 1132 diplomatibus,
1076 1097 1168 1131 quae
1189 1086 1314 1132 officio
1337 1089 1398 1123 tuo
1420 1086 1514 1130 dedi,
1537 1086 1792 1127 adiuvandum

206 1149 302 1182 esset.
343 1147 409 1180 Hic
433 1147 477 1180 de
501 1147 629 1179 eodem
655 1154 786 1188 genere
809 1145 1051 1188 diplomatum
1068 1145 1140 1179 dici
1157 1147 1267 1188 atque
1290 1146 1329 1178 in
1344 1145 1450 1179 titulo
1466 1145 1559 1179 vidit
1574 1144 1793 1182 nudorffius.

208 1205 324 1238 Etiam
358 1203 456 1247 apud
487 1204 652 1236 Tacitum
677 1203 766 1236 Hist.
792 1204 833 1246 ΙΙ,
862 1205 915 1236 54.
942 1206 984 1236 65
1019 1203 1261 1245 diplomatum
1292 1203 1338 1236 ab
1367 1203 1589 1245 imperatore
1620 1202 1793 1236 datorum
1855 1235 1858 1252 ξ

207 1262 345 1294 mentio
368 1261 418 1294 fit.
468 1260 546 1300 Qua
570 1269 654 1293 cum
681 1269 720 1293 re
743 1260 836 1293 bene
860 1261 1031 1294 convenit
1055 1261 1154 1303 quod
1178 1261 1289 1294 etiam
1311 1260 1516 1303 praefectus
1539 1260 1705 1303 Aegypti,
1729 1260 1795 1302 qui
1855 1257 1858 1295 ζ

206 1320 285 1352 vice
309 1319 487 1361 principis
510 1320 598 1360 erat,
631 1318 811 1351 eiusmodi
835 1318 973 1351 litteras
998 1318 1084 1351 dare
1109 1319 1361 1360 consueverat,
1390 1326 1483 1360 quas
1506 1318 1570 1360 qui
1594 1317 1795 1360 accepisset

207 1385 279 1409 non
304 1376 413 1409 modo
437 1375 551 1409 tutela
575 1375 752 1418 praesidis
776 1376 951 1417 uteretur,
982 1375 1048 1408 sed
1079 1376 1190 1409 etiam
1216 1376 1315 1408 certa
1338 1375 1478 1413 itineris
1507 1374 1718 1412 adiumenta
1747 1374 1794 1407 ab

207 1434 334 1467 incolis
351 1435 469 1466 terrae
485 1433 630 1474 exigere
653 1433 687 1465 ei
710 1433 844 1465 liceret.
886 1432 935 1465 Cf.
951 1432 1117 1465 Wiinsch
1133 1441 1189 1475 ap.
1207 1432 1522 1475 Pauly-wissowu
1535 1431 1793 1475 Beelencyklo-
1851 1423 1854 1425 ⁵

207 1491 313 1532 padie
335 1490 376 1532 V,
401 1492 414 1522 4
452 1498 486 1532 p.
514 1492 615 1523 4459.
755 1492 798 1522 26
830 1489 991 1522 Similem
1021 1490 1287 1524 restrictionem
1317 1489 1430 1523 habes
1462 1499 1496 1523 ιι.
1522 1491 1600 1532 527,
1624 1492 1658 1523 5.
1697 1488 1799 1523 ΔῑὼίΔ

206 1546 479 1589 praescribitur,
523 1548 565 1579 ut
607 1555 652 1579 ne
695 1546 804 1579 domo
846 1546 995 1588 quidem
1033 1548 1195 1588 recipere
1232 1555 1456 1589 quemquam
1496 1547 1682 1588 cogantur.
1741 1545 1792 1579 Cf.

207 1612 240 1636 n.
269 1606 347 1645 609,
371 1605 407 1635 24
425 1611 504 1644 sqq.
542 1602 645 1645 Syll.2
669 1605 703 1635 44
715 1606 746 1645 5,
771 1606 879 1645 esqq.
1021 1606 1062 1636 27
1094 1604 1204 1637 Tecto
1236 1603 1385 1646 quidem
1416 1603 1578 1646 recipere
1607 1601 1794 1640 debebunt

208 1661 341 1693 milites
366 1660 502 1693 aliosve
526 1659 563 1692 id
587 1668 700 1701 genus
725 1660 890 1692 homines
915 1661 984 1693 iter
1008 1660 1190 1703 facientes,
1222 1669 1340 1703 neque
1364 1669 1453 1697 vero
1482 1659 1682 1703 quamlibet
1713 1668 1792 1693 rem

207 1726 433 1760 corpoream,
463 1717 577 1750 veluti
609 1716 745 1759 cibum,
783 1717 988 1759 pecuniam,
1022 1717 1118 1750 dona
1142 1718 1305 1751 cuiusvis
1340 1718 1482 1760 generis
1518 1718 1572 1751 eis
1605 1716 1791 1760 praebere.

207 1775 314 1808 Plane
343 1774 529 1816 geminum
553 1774 656 1807 vocis
688 1771 896 1817 ὑποκείμενα
927 1774 972 1806 de
1001 1774 1111 1806 rebus
1145 1775 1331 1817 corporeis
1362 1775 1561 1817 usurpatae
1583 1773 1792 1817 exemplum

208 1841 294 1866 sane
319 1841 378 1864 me
402 1841 477 1865 nou
501 1831 648 1865 novisse
671 1830 800 1873 fateor;
835 1831 899 1864 sed
922 1830 1025 1864 facile
1050 1831 1138 1864 haec
1163 1833 1261 1864 notio
1288 1833 1377 1865 oriri
1401 1833 1545 1874 poterat
1567 1840 1612 1865 ex
1635 1831 1697 1864 illo
1719 1839 1794 1865 usu

207 1890 310 1923 vocis
334 1890 407 1922 iam
431 1889 616 1921 Aristoteli
640 1888 816 1931 familiari,
847 1897 920 1930 quo
947 1887 1124 1930 signifieat
1147 1897 1237 1930 rem,
1268 1889 1329 1921 cui
1353 1889 1563 1922 inhaereant
1593 1887 1701 1933 πάθη.
1741 1887 1791 1921 Cf.

208 1947 247 1980 H.
267 1947 392 1979 Bonitz
416 1946 492 1979 Ind.
512 1945 620 1978 Arist.
645 1954 681 1988 p.
706 1944 820 1988 7981),
847 1947 888 1977 20
903 1953 982 1987 sqq.
1124 1948 1166 1978 28
1200 1944 1248 1978 Cf.
1280 1945 1495 1987 Prosopogr.
1521 1946 1608 1987 imp.
1633 1945 1735 1978 Rom.
1760 1945 1792 1977 11

207 2012 242 2045 p.
258 2006 322 2035 323
349 2013 383 2035 ιι.
402 2005 457 2036 73.
498 2003 605 2035 Pleno
629 2003 776 2036 nomine
800 2003 843 2035 Μ.
861 2002 998 2044 Magius
1015 2003 1204 2045 Maximus,
1229 2003 1271 2034 ut
1295 2003 1446 2044 apparet
1469 2011 1514 2035 ex
1538 2002 1644 2035 titulo
1668 2001 1792 2035 Aecla-

207 2061 309 2092 nensi
335 2059 370 2092 C.
388 2061 413 2091 I.
431 2060 467 2092 L.
485 2059 543 2101 ΙΧ,
562 2062 663 2102 4425,
693 2068 738 2092 ex
769 2068 844 2102 quo
875 2059 1087 2095 emendatus
1117 2060 1173 2093 est
1195 2059 1356 2092 Philonis
1384 2059 1488 2092 locus
1517 2058 1599 2092 adv.
1623 2051 1792 2093 Flaccum

208 2125 238 2150 c.
257 2119 311 2157 4ο,
336 2116 400 2149 ubi
425 2117 581 2149 traditur
597 2113 738 2160 Μάγνος
754 2113 922 2159 Μάξιμος.
963 2116 1041 2155 Quo
1060 2125 1104 2149 ex
1121 2116 1203 2149 loco
1222 2117 1374 2159 apparet
1393 2125 1479 2149 eum
1495 2115 1553 2149 bis
1568 2115 1791 2158 praefectum

206 2174 363 2215 Aegypti
398 2172 509 2206 fuisse
543 2173 697 2214 Augusti
734 2174 952 2215 principatu.
1000 2173 1050 2206 Cf.
1084 2173 1193 2206 etiam
1225 2173 1312 2206 Plin.
1336 2172 1417 2206 Nat.
1439 2173 1523 2206 hist.
1546 2172 1707 2211 XXXVI.
1731 2175 1795 2206 69:

206 2228 293 2264 unde
311 2231 365 2271 (ex
377 2230 552 2263 Arsinoeo
571 2230 817 2272 Alexandriae)
835 2240 923 2268 eum,
933 2230 1154 2272 (obeliscum)
1173 2228 1367 2265 navalibus
1382 2228 1654 2264 iowommodwm
1669 2227 1790 2264 Maoev'-
1822 2247 1829 2281 4,

207 2297 292 2322 mus
314 2285 467 2331 quidam
485 2285 692 2331 praefectus
715 2286 872 2332 Aeyypti
892 2286 1080 2322 transtulit
1102 2285 1147 2321 im
1169 2285 1302 2330 forwm,
1334 2285 1450 2322 reciso
1473 2284 1674 2329 cacwmine,
1702 2285 1792 2320 dum
1821 2285 1830 2302 '³

208 2342 318 2378 voluit
340 2342 535 2388 fastiyiwn
558 2343 688 2378 addere
711 2346 895 2388 awratum,
921 2343 1015 2388 quod
1031 2346 1156 2388 postea
1179 2342 1314 2379 omisit.
1424 2346 1466 2379 29
1498 2345 1658 2378 Iusserat
1680 2343 1801 2385 igitur
1819 2346 1833 2382 1'
1855 2377 1857 2379 .

208 2401 386 2434 Maximus
411 2401 583 2434 nonnulla
606 2402 756 2435 minoris
782 2403 957 2435 momenti
981 2401 1156 2445 praeberi,
1186 2401 1322 2444 quibus
1354 2401 1400 2437 ad
1422 2409 1533 2435 usum
1555 2399 1811 2435 habitationi&
1830 2422 1835 2448 ·:

207 2466 301 2500 opus
325 2459 431 2490 esset.
479 2458 651 2490 Similiter
675 2468 708 2491 n.
729 2461 805 2500 527,
824 2462 843 2491 5
874 2459 1147 2500 magistratibus
1171 2458 1454 2501 municipalibus
1478 2453 1728 2502 (παραφύλαξι),
1758 2456 1832 2491 si.

208 2515 309 2547 vicos
341 2513 484 2557 (κώμας)
518 2515 556 2547 in
585 2523 670 2556 agro
703 2515 861 2548 civitatis
896 2516 989 2548 sitos
1020 2517 1179 2557 visitent,
1215 2517 1360 2557 praeter
1393 2515 1622 2550 domicilium
1658 2509 1835 2560 (μονήν).-

207 2571 297 2604 nihil
330 2571 401 2603 nisi
425 2569 507 2609 ξύλα
530 2570 589 2603 καὶ
614 2569 725 2616 ἄχυρα
757 2571 917 2604 dandum
941 2580 1023 2604 esse
1046 2572 1291 2605 constituitur.
1410 2574 1450 2604 30
1483 2572 1580 2606 ΘΑΝ
1604 2568 1802 2610 caminum„
1832 2569 1835 2571 ’

208 2629 306 2663 ΟΑΝ
323 2627 435 2669 Hyde.
467 2628 527 2661 ΑΝ
546 2626 713 2660 Hoskins.
747 2627 851 2666 Quod
867 2628 1036 2660 Franzius
1054 2630 1266 2670 reposuerat
1291 2629 1376 2661 ΕΑΝ
1394 2627 1497 2661 Ballii
1511 2626 1678 2669 exemplo
1703 2635 1762 2659 eo
1800 2644 1806 2662 2
1857 2662 1858 2667 ¹

206 2684 391 2719 firmatum
414 2685 480 2718 est.
598 2686 633 2716 34
666 2685 705 2716 In
728 2692 952 2726 unoquoque
976 2693 1084 2717 nomo
1109 2684 1318 2726 proximum
1334 2685 1419 2726 post
1440 2684 1640 2725 strategum
1663 2683 1723 2718 loc
1749 2697 1796 2713 -·--’
1824 2680 1834 2697 ”’

208 2742 354 2775 tenebat
377 2741 496 2775 scriba
521 2741 652 2783 regius,
678 2741 737 2774 cui
761 2742 838 2774 tota
862 2740 1126 2775 administratio
1151 2740 1336 2774 redituum
1359 2742 1396 2774 et
1419 2748 1662 2782 expensarum
1686 2747 1773 2775 man
1796 2735 1807 2766 ἕ
1857 2744 1858 2748 ’

208 2799 291 2832 data
307 2800 395 2832 erat.
505 2801 546 2831 32
580 2798 672 2831 Cum
688 2796 793 2841 νομός
816 2798 854 2831 in
869 2796 1005 2840 τόπους,
1029 2796 1134 2834 τόπος
1159 2806 1286 2832 rursus
1309 2798 1347 2830 in
1368 2797 1488 2841 κώμας
1505 2797 1646 2832 divisus
1668 2795 1760 2833 fueri
1770 2787 1803 2828 ’.ἶ

209 2858 360 2898 apparet
390 2856 451 2889 hic
480 2856 615 2889 rectius
646 2853 841 2899 βασιλικοὺς
871 2857 1094 2901 γραμματεῖς,
1129 2856 1438 2899 τοπογραμματεῖς,
1473 2853 1795 2900 κωμογραμματεΐ-
1832 2858 1844 2890 ,’

207 2912 278 2945 hoc
302 2912 429 2946 ordine
452 2911 718 2946 enumerandos
735 2910 856 2945 fuisse.
891 2911 943 2945 Ac
958 2911 1011 2944 sic
1027 2911 1158 2953 legitur
1178 2920 1212 2944 n.
1231 2913 1308 2954 666,
1328 2913 1383 2944 44.
1401 2914 1443 2944 45
1468 2920 1700 2956 τοπογραμμα
1761 2927 1766 2933 -
1841 2908 1844 2909 ’
