1858 3126
91 194 172 238 633]
516 196 759 229 mercatorum
781 194 1081 237 Palmyrenorum
1106 196 1245 229 itinera.
1586 196 1666 235 341

173 330 264 376 682
304 334 432 386 Basis,
463 335 678 386 Palmyrae
706 334 749 373 in
778 335 930 386 templo
952 334 1067 374 Solis.
1119 334 1212 374 Aeri
1232 335 1404 374 incisum
1423 335 1584 374 titulum
1606 334 1669 374 ed.

87 404 220 444 Wood
239 403 344 444 Rud.
366 403 541 455 Palmyr.
565 415 603 456 p.
623 401 678 444 27
698 415 738 442 n.
759 403 783 442 5
816 401 977 455 (Philos.
1002 403 1208 443 Transact.
1230 403 1387 443 XLVIII
1407 416 1447 456 p.
1467 403 1542 443 694
1571 415 1609 442 n.
1630 403 1668 443 5.

87 472 248 512 Heeren
283 470 505 512 Comment.
538 483 621 512 soc.
654 471 793 511 scient.
826 471 1002 523 Gotting.
1035 471 1104 510 VII
1139 483 1180 523 p.
1210 472 1255 510 54
1302 484 1342 511 n.
1369 472 1408 512 3.
1473 472 1508 511 J.
1540 471 1671 511 Franz

89 539 131 580 C.
152 541 182 580 1.
206 540 252 581 G.
277 540 400 581 4489.
453 540 878 592 Lebas-Waddington
907 541 1030 580 Inscr.
1054 540 1120 592 ΠΙ,
1143 538 1282 593 2589).

206 652 319 709 Νεσῆ
355 649 449 696 Ἀλᾶ
487 656 556 696 τοῦ
595 652 737 709 Νεσῆ1
770 655 841 695 τοῦ
873 649 968 695 Ἀλᾶ
1006 655 1078 695 τοῦ
1099 650 1298 709 Ῥεφέλου
1331 652 1337 708 Ι
1369 656 1438 695 τοῦ
1470 649 1672 709 Ἀρισσέου

204 719 504 779 συνοδιάρχηνῖ
532 722 571 764 οἱ
601 719 903 778 συναναβάνῐτες
933 717 1014 777 μετ’
1046 720 1197 777 σ.[ὖ]τοῦ
1227 720 1398 778 ἔμποροι
1429 720 1506 763 ἀπὸ
1538 719 1674 777 Φορά-

160 802 181 835 5
207 790 311 832 θοι)3
349 789 420 832 καὶ
466 789 471 847 Ι
514 787 832 847 Ὀλοιγασιοίδος4
868 793 1007 846 τειμῆς
1048 788 1117 832 καὶ
1158 789 1440 847 εὖχαριστείας
1474 789 1486 846 ΙΙ
1525 789 1672 843 ἕνεκεν,

205 857 320 907 ἔτους
348 855 473 914 γνιί5,
505 857 629 915 μηνὸς
659 858 928 915 Ξανδ[ικοῦ]ὓ.

181 986 336 1020 Litterae
361 987 532 1021 effluo.
650 988 664 1018 4
701 987 818 1028 Supra
846 986 945 1018 bunc
974 986 1122 1018 titulum
1154 986 1298 1018 initium
1324 985 1435 1028 primi
1459 993 1590 1017 versus
1614 992 1676 1016 us·

90 1052 163 1086 que
188 1043 235 1076 ad
259 1044 353 1077 Nec
377 1043 483 1086 redit,
512 1043 562 1075 ita
592 1043 633 1075 ut
662 1043 783 1085 primo
817 1043 1006 1085 superiore
1035 1043 1118 1076 loco
1151 1043 1355 1076 incohatam
1386 1043 1675 1085 inscriptionem,

91 1100 157 1134 sed
179 1100 304 1134 nescio
329 1109 402 1142 qua
433 1100 478 1133 de
502 1108 613 1133 causa
636 1109 708 1133 non
738 1100 935 1143 perfectam
966 1109 1045 1133 esse
1069 1102 1253 1143 appareat.
1395 1103 1415 1132 2
1446 1100 1676 1140 Men-catores,

91 1158 155 1200 qui
178 1157 346 1199 Palmyra
370 1166 435 1200 per
459 1157 642 1190 desertum
668 1157 714 1190 ad
738 1158 857 1190 sinum
883 1158 1067 1190 Persicum
1091 1158 1159 1190 iter
1175 1157 1364 1197 faciebant,
1389 1158 1430 1189 ut
1454 1165 1551 1189 nunc
1566 1157 1676 1188 etiam

91 1216 128 1248 in
152 1214 333 1248 eiusmodi
362 1214 571 1256 regionibus
600 1214 678 1247 fieri
710 1215 814 1256 solet,
847 1215 884 1246 in
909 1214 1057 1256 collegia
1088 1215 1265 1256 quaedam
1292 1214 1350 1246 vel
1375 1223 1530 1255 corpora
1561 1214 1677 1253 (eara-

91 1272 211 1313 mes)
246 1271 570 1313 congregabantur,
604 1281 764 1313 quorum
795 1271 929 1304 Graeca
966 1271 1160 1313 appellatio
1197 1273 1275 1303 erat
1305 1268 1442 1303 συνοδία
1474 1270 1518 1310 (n.
1544 1273 1622 1311 633,
1647 1273 1676 1302 4.

94 1331 172 1370 6³8,
190 1332 221 1361 7.
248 1330 324 1370 646,
343 1328 394 1368 6);
425 1328 621 1370 unicquue
650 1337 747 1360 unus
776 1337 821 1361 ex
846 1329 965 1370 sociis,
996 1329 1220 1370 reliquorum
1254 1327 1434 1369 suffragiis
1466 1329 1509 1359 ut
1532 1327 1678 1359 videtur

92 1385 242 1425 electus,
267 1386 443 1427 praeerat,
467 1386 531 1426 qui
548 1385 607 1417 hic
631 1394 665 1418 n.
684 1387 761 1426 633,
780 1388 799 1417 5
825 1383 1053 1431 συνοὸιάρχης
1078 1385 1290 1428 appellatur.
1330 1385 1384 1418 Ad
1401 1385 1498 1417 idem
1515 1384 1677 1417 officium

92 1442 284 1476 manifesto
308 1443 448 1484 spectat
472 1442 666 1484 appellatio
692 1439 921 1488 ἀρχεμπόρων
941 1431 1076 1484 soie,
1095 1445 1126 1475 s.
1253 1445 1271 1474 3
1303 1442 1352 1475 cr.
1377 1442 1464 1474 Plin.
1490 1441 1569 1475 Nat.
1593 1442 1676 1474 hist.

93 1499 151 1541 VI,
171 1501 252 1532 4453
285 1497 410 1532 deinde
433 1500 483 1532 est
505 1496 689 1542 oppidum,
720 1498 815 1542 quod
842 1496 1136 1533 Characenorum
1161 1497 1240 1543 regi
1262 1501 1379 1543 paret,
1410 1497 1455 1532 in
1477 1496 1679 1542 Pasitiynzs

93 1554 191 1600 ripa,
225 1553 339 1589 Forat
372 1553 532 1597 nomine,
563 1554 607 1589 in
634 1555 729 1599 quod
755 1565 781 1590 a
810 1554 920 1590 Petra
948 1554 1175 1599 conveniunt,
1210 1553 1477 1599 Gharaeemque
1506 1556 1551 1597 (n.
1578 1555 1676 1597 6831)

94 1611 181 1647 inde
203 1610 391 1647 duodecim
412 1611 523 1646 milia
547 1622 730 1656 passuum
757 1612 912 1647 seeundo
942 1615 1044 1648 aestu
1074 1611 1262 1657 naviycmt.
1381 1615 1400 1646 4
1431 1611 1678 1646 Memorabilis

93 1671 131 1704 in
156 1670 268 1703 altera
297 1671 333 1702 et
362 1670 469 1702 tertia
497 1669 648 1712 syllabis
671 1670 810 1703 vocalis
835 1682 872 1708 α,
903 1671 990 1713 quia
1021 1671 1115 1704 hauc
1146 1671 1303 1704 nominis
1334 1671 1492 1704 Parthici
1522 1670 1679 1703 formam

93 1727 368 1761 accuratisslme
380 1727 545 1769 ipsorum
557 1727 806 1769 indIgenarum
824 1723 1157 1770 pronuntiationem
1174 1729 1378 1770 exprimere
1390 1728 1523 1761 docent
1538 1728 1680 1760 nummi

95 1793 180 1817 cum
212 1785 447 1826 inscriptione
475 1785 720 1818 ΟΛΑΓΑΣΟΥ
752 1785 982 1827 (Longperier
1012 1785 1119 1818 Num.
1149 1785 1213 1819 des
1237 1785 1428 1818 Arsacides
1462 1795 1495 1827 p.
1518 1786 1607 1826 447),
1638 1786 1682 1817 ut

96 1841 308 1875 observavft
321 1840 575 1883 Waddington.
615 1841 721 1880 Quod
744 1843 871 1875 contra
895 1842 991 1885 apud
1009 1843 1207 1885 scriptores
1224 1843 1336 1875 altera
1353 1842 1493 1885 syllaba
1519 1853 1547 1883 ο,
1570 1842 1680 1874 tertia

96 1908 132 1932 αι
154 1897 213 1931 vel
235 1909 253 1931 ε
275 1897 409 1931 habere
433 1898 536 1942 solet,
566 1907 659 1941 quae
684 1899 942 1942 orthographia
966 1900 1001 1931 in
1026 1899 1291 1932 recentioribus
1315 1900 1430 1932 titulis
1455 1898 1679 1941 Palmyrenis

0 1978 1 1999 3
56 1990 71 1999 ,
90 1955 207 1989 redit:
241 1952 573 2000 Οὐολογ[α]ισια’[δο]ς
597 1959 674 1999 638,
699 1960 729 1989 5.
760 1952 986 2002 Ὀλογεσιάὸα
1011 1959 1088 1999 644,
1107 1959 1137 1990 4.
1162 1961 1193 1990 5.
1242 1957 1426 1999 Oppidum
1457 1965 1680 1990 commemo-

0 2006 2 2030 ἶ
95 2014 198 2046 ratur
222 2022 243 2046 a
266 2012 446 2055 Stephano
469 2013 642 2055 Byzantio
671 2009 917 2057 Βολογεσσιάς·
948 2012 1048 2050 πόλις
1072 2013 1155 2058 πρὸς
1177 2013 1228 2059 τῷ
1248 2011 1427 2059 Εὐφράτῃ,
1451 2011 1492 2047 ἐκ
1510 2010 1681 2058 Βολογεσ-

98 2070 157 2103 σοῦ
190 2067 357 2114 βασιλέως
380 2064 567 2115 ᾠκισμένη.
596 2069 636 2104 τὸ
652 2067 797 2120 ,ἐθνικὸν
830 2068 956 2115 ὤφειλε
979 2068 1225 2116 Βολογεσσιεῦς
1258 2071 1304 2108 ὡς
1332 2067 1572 2117 Ἀφροδισιεύς,
1603 2065 1676 2104 ἀλλ’

97 2124 264 2176 ἀνοίκειος
289 2125 307 2160 ὁ
330 2125 436 2164 τύπος
451 2125 497 2173 τῇ
511 2126 626 2173 χώρᾳ·
649 2124 788 2161 λεκτέον
806 2126 865 2160 οὖν
883 2125 1162 2173 Βολογεσσιηνός.
1204 2129 1431 2161 Ptolemaeus
1447 2127 1678 2170 Geogr.V,49

0 2224 3 2231 .
97 2192 134 2226 p.
162 2185 262 2225 ⁴⁰2⁴,
288 2185 341 2216 44.
367 2186 409 2216 42
446 2182 529 2229 πρὸς
566 2182 605 2216 δὲ
633 2183 684 2229 τῷ
712 2180 904 2230 Μααρσάρῃ
935 2184 1081 2230 ποταμῷ
1106 2182 1320 2230 Οὐολγαισία.
1368 2186 1546 2218 Ammian.
1572 2186 1679 2218 Marc.

0 2233 3 2238 '
22 2270 25 2272 ,
98 2240 224 2282 XXIII,
242 2243 274 2282 6,
292 2243 351 2272 23:
380 2238 426 2273 in
447 2238 553 2274 omni
573 2242 695 2274 aedem
710 2240 868 2285 Assyria
890 2241 1026 2276 multae
1047 2244 1136 2276 sunt
1149 2242 1265 2285 wrbes,
1289 2241 1387 2276 inter
1409 2253 1501 2286 quas
1516 2240 1681 2286 Apamia

99 2295 233 2331 eminet
260 2294 402 2330 Mesene
428 2295 684 2341 comminata
714 2300 746 2332 et
779 2297 934 2332 Teredon
962 2301 993 2333 et
1022 2298 1218 2343 Apollonia
1253 2302 1284 2333 et
1312 2297 1519 2343 Voloqessia
1554 2297 1682 2342 hisque

99 2351 239 2388 similes
272 2352 417 2388 multae.
471 2354 568 2387 Unus
603 2355 739 2388 Plinius
769 2355 812 2389 N.
839 2356 874 2388 h.
899 2356 956 2398 VI,
986 2359 1052 2389 422
1089 2357 1410 2399 Vologesocertam
1447 2356 1604 2398 appellat
1639 2364 1682 2388 ac

99 2419 255 2453 nuper,
279 2411 304 2444 i.
320 2420 350 2443 e.
376 2411 519 2444 saeculo
543 2420 579 2453 p.
597 2411 678 2444 Chr.
695 2422 729 2444 n.
754 2413 885 2455 primo,
910 2413 1121 2456 aVologese
1145 2423 1229 2455 rege
1252 2413 1435 2447 conditam
1459 2413 1580 2445 refert.
1620 2413 1682 2444 Se-

96 2467 259 2501 cundum
282 2467 445 2501 tabulam
468 2469 779 2510 Peutingerianam
803 2470 1051 2512 duodeviginti
1080 2471 1228 2504 milibus
1253 2480 1430 2513 passuum
1455 2480 1475 2503 a
1495 2470 1682 2511 Babylone

99 2523 267 2567 distabat,
300 2534 413 2568 quare
436 2526 658 2559 recentiores
682 2526 755 2559 fere
780 2536 823 2560 eo
847 2527 938 2570 loco,
969 2527 1035 2561 ubi
1064 2530 1191 2570 postea
1216 2528 1351 2561 Arabes
1378 2527 1553 2570 oppidum
1579 2524 1682 2569 Κηϊα

99 2581 335 2624 condiderlnt,
376 2583 484 2615 sitam
519 2582 631 2616 fuisse
666 2584 871 2626 opinantur.
1057 2587 1076 2618 5
1111 2587 1135 2618 I.
1165 2594 1195 2618 e.
1232 2594 1326 2618 anno
1362 2582 1466 2623 44412
1493 2593 1527 2626 p.
1546 2584 1627 2616 Chr.
1646 2593 1680 2616 n.

105 2640 124 2669 6
154 2637 204 2670 Cf.
230 2647 263 2671 n.
285 2638 382 2671 630⁵.

190 2793 280 2836 633
322 2798 437 2838 Basis
482 2799 611 2839 fracta
655 2811 781 2852 supra
825 2812 917 2839 cum
954 2800 1113 2838 duobus
1150 2800 1290 2850 titulis,
1337 2811 1388 2838 ex
1426 2798 1571 2849 quibus
1615 2797 1682 2837 hic

106 2861 282 2902 Graecus
310 2865 352 2903 in
381 2866 526 2919 fronte,
563 2869 663 2907 alter
691 2868 1028 2918 Palmyrenorum
1062 2867 1198 2917 lingua
1233 2868 1451 2918 conceptus
1486 2866 1527 2903 in
1556 2866 1682 2905 latere

105 2929 255 2969 incisus
284 2934 356 2970 est.
407 2934 479 2973 Ed.
513 2936 576 2974 W.
599 2936 646 2974 H.
670 2936 945 2986 Waddington
975 2946 1040 2985 ap.
1073 2934 1203 2973 Lebas
1233 2935 1356 2973 Inscr.
1379 2934 1444 2986 ΙΙΙ,
1467 2934 1593 2974 2590.
