1858 3126
210 155 293 196 326
429 155 519 188 VIII.
556 155 703 197 Imperii
726 155 877 194 Romani
901 156 1113 197 provinciae
1139 156 1342 189 orientales.
1391 159 1421 189 7.
1447 156 1561 199 Syria.
1713 157 1791 200 [629

324 290 505 347 πρώτους
519 292 554 319 ¹2
600 290 893 348 διακρείνοντας
934 292 939 348 Ι
977 289 1027 333 τὰ
1076 291 1129 348 μὴ
1178 292 1452 348 ἀνειλημμένα
1486 294 1542 349 τῷ
1577 293 1689 349 νόμῳ
1730 295 1791 335 ἐν·

324 357 483 416 γράψαι
527 365 575 415 τῇ
616 359 777 416 ἔνγιστα
816 360 1014 416 μισθώσει
1049 360 1118 402 καὶ
1155 359 1346 408 ὑποτάξαι
1383 360 1539 418 ἑκάστῳ
1576 359 1678 404 εἴδει
1705 360 1748 403 τὸ
1783 361 1788 417 Ι

325 429 371 470 ἐκ
416 429 634 484 συνηθείας
677 430 802 484 τέλος,
850 429 918 472 καὶ
962 427 1126 472 ἐπειδὰν
1171 430 1338 486 κυρωθῇ
1374 432 1432 487 τῷ
1469 431 1791 487 μισθουμένῳῙῧ,

325 497 577 554 ἐνγραφῆναι
621 495 722 553 μετὰ
767 501 836 540 τοῦ
871 499 1030 555 πρώτου
1068 498 1202 554 νόΙμου
1216 500 1248 527 14
1286 500 1413 555 στήλῃ
1444 499 1578 555 λιθίνῃ
1609 505 1658 556 τῇ
1689 499 1789 555 οὔσῃ

330 565 514 622 ἀντικρὺς
565 567 732 623 [ἱ]ερ[οὖ]
784 568 999 624 λεγομένου
1036 564 1345 624 ῬαβασείρηῘῦ,
1393 568 1702 623 ἐ[πι]μελεῖσθαι
1749 568 1793 609 δὲ

303 685 345 714 42
381 683 430 716 Cf.
448 683 690 725 WaddIngton
710 683 754 716 ad
771 683 885 716 Lebas
903 684 1013 716 Inscr.
1030 684 1088 725 ΙΙΙ,
1108 686 1207 716 4476.
1241 683 1391 716 Brandis
1407 692 1464 726 ap.
1481 683 1794 726 Pauly-wissowa

209 740 556 783 Realencyklopadie
582 741 639 783 1V,
657 743 676 772 2
702 750 736 783 p.
756 742 856 773 2447.
976 743 1018 773 43
1053 741 1144 773 Cum
1171 741 1306 783 Cagnat
1335 742 1419 774 hinc
1451 741 1667 784 collegisset,
1697 741 1792 774 loca-

208 798 344 830 tionem
370 807 391 830 a
415 798 561 831 civitate
585 798 887 840 Palmyrenorum
912 798 1042 830 factam
1069 798 1219 831 Romani
1249 799 1481 841 magistratus
1511 807 1662 832 assensu
1693 807 1793 832 com-

209 855 434 897 probandam
460 855 582 897 fuisse,
619 855 704 896 quia
733 855 783 900 τῷ
814 853 1034 900 μισθουμένῳ
1067 855 1231 888 dativum
1261 856 1444 888 commodi
1476 855 1792 898 interpretabatur,

209 912 400 945 manifesto
426 921 556 946 verum
581 912 673 944 vidit
695 912 845 955 Dessau,
876 912 938 954 qui
964 913 1128 945 dativum
1153 913 1314 945 auctoris
1345 913 1528 955 intellegit,
1562 915 1604 945 ut
1628 912 1672 945 ad
1696 913 1793 946 idem

210 970 333 1002 redeat
349 971 458 1011 atque
482 968 621 1002 ἐπειδὰν
645 970 783 1014 κυρώσῃ
810 967 828 1002 ὁ
853 967 1093 1013 μισθούμενος.
1133 970 1275 1002 Etenim
1292 970 1523 1003 condiciones
1539 972 1794 1012 proponuntur

210 1036 230 1060 a
255 1027 412 1069 civitate,
438 1026 502 1059 sed
526 1027 675 1068 pactum
691 1026 944 1059 conductionis
961 1035 1112 1059 assensu
1129 1027 1206 1059 eius
1224 1027 1288 1068 qui
1305 1027 1552 1060 conducturus
1573 1029 1628 1060 est
1644 1027 1793 1060 demum

209 1086 330 1116 ratum
355 1084 396 1116 fit
421 1083 614 1129 (κυροῦται).
655 1083 725 1116 Sed
749 1084 791 1116 ut
813 1084 874 1115 hic
898 1084 985 1116 nihil
1009 1083 1139 1125 legitur
1163 1083 1207 1116 de
1231 1084 1476 1117 Romanorum
1501 1085 1537 1117 in
1561 1085 1630 1118 hac
1653 1086 1731 1118 tota
1755 1093 1794 1116 re

208 1141 386 1184 partibus,
417 1143 471 1174 sic
494 1141 580 1174 alibi
603 1141 701 1174 haud
725 1141 899 1183 ambigua
922 1142 1002 1174 eius
1026 1142 1179 1183 vestigia
1203 1143 1401 1175 cernuntur
1431 1142 1516 1183 (not.
1536 1145 1589 1175 98.
1609 1145 1685 1176 445.
1704 1142 1794 1184 448),

208 1201 251 1231 ut
275 1201 372 1231 recte
395 1200 643 1232 Mommsenus
666 1199 845 1232 indicasse
861 1199 1029 1232 videatur
1047 1200 1212 1241 portoria
1235 1208 1286 1232 ex
1310 1200 1587 1233 auctoritate
1611 1199 1794 1242 quidem

210 1256 454 1299 praesidis,
488 1256 553 1289 sed
577 1266 597 1289 a
621 1256 879 1289 decurionibus
906 1257 1129 1299 Palmyrenis
1158 1257 1408 1290 administrata
1431 1249 1524 1290 esse.>
1567 1256 1660 1291 Nam
1684 1256 1728 1289 de
1753 1265 1796 1290 ea

210 1314 359 1355 quidem
383 1323 423 1346 re
447 1314 541 1346 inter
563 1314 721 1346 editores
747 1314 926 1356 convenit,
957 1323 1029 1347 non
1057 1314 1202 1356 imperii
1225 1314 1388 1357 Romani,
1412 1314 1476 1347 sed
1499 1314 1628 1357 populi
1652 1314 1795 1356 Palmy-

210 1380 382 1404 renorum
406 1372 496 1404 haec
520 1380 600 1404 esse
623 1371 824 1412 vectigalia.
872 1371 916 1403 Hi
946 1373 982 1403 et
1011 1371 1072 1404 illa
1097 1372 1244 1413 antiqua
1268 1371 1345 1413 lege
1369 1371 1415 1413 (v.
1441 1373 1471 1404 7.
1498 1373 1552 1404 44.
1578 1371 1632 1412 42)
1663 1373 1700 1403 et
1722 1371 1795 1404 hoe

210 1429 346 1461 recenti
378 1428 522 1461 decreto
555 1429 781 1461 constituunt
813 1428 901 1470 quid
931 1428 1163 1470 pendendum
1194 1429 1252 1470 sit,
1284 1428 1322 1460 hi
1354 1437 1419 1471 per
1448 1429 1681 1470 magistratus
1706 1436 1795 1461 suos

210 1485 330 1518 locant
356 1486 545 1527 vectigalia
569 1487 605 1518 et
628 1487 758 1518 curant
781 1487 823 1518 ut
847 1487 944 1517 recte
968 1486 1167 1528 exigantur,
1192 1486 1324 1518 horum
1346 1486 1484 1519 aerario
1509 1485 1663 1518 infertur
1685 1494 1797 1528 pecu-

210 1543 270 1575 nia
300 1552 372 1584 qua
403 1543 463 1575 illa
493 1543 612 1575 locata
642 1544 737 1575 sunt.
784 1542 902 1584 Atque
934 1543 1082 1575 omnino
1117 1543 1365 1575 Mommsenus
1401 1543 1500 1575 nulla
1535 1544 1572 1575 in
1607 1543 1796 1585 provincia

211 1601 315 1642 Syria
345 1600 595 1642 portoriorum
627 1599 860 1641 publicorum
894 1600 1019 1641 populi
1054 1600 1203 1632 Romani
1234 1601 1469 1632 monumenta
1500 1601 1642 1632 exstare
1672 1599 1795 1632 ohser-

210 1658 322 1690 vavit.
363 1657 465 1695 Quod
490 1657 534 1689 de
550 1656 678 1698 Vogiie
705 1656 891 1699 probabile
915 1657 1148 1699 existimavit,
1173 1657 1358 1690 civitatem
1374 1658 1516 1699 partem
1534 1658 1671 1689 certam
1696 1665 1795 1689 sum-

211 1723 293 1747 mae
317 1723 410 1756 quae
435 1714 517 1746 lnde
542 1714 709 1747 rediisset
731 1713 819 1747 fisco
844 1714 1075 1756 imperatoris
1100 1714 1186 1747 dare
1209 1713 1390 1756 debuisse,
1421 1714 1459 1746 id
1487 1714 1616 1746 nititur
1646 1713 1795 1755 quidem

210 1772 389 1813 rescripto
407 1772 670 1813 imperatorum
691 1771 885 1804 Theodosii
902 1772 938 1803 et
954 1770 1193 1804 Valentiniani
1209 1771 1293 1804 Cod.
1311 1771 1398 1804 lust.
1419 1771 1540 1814 1V‚⁶·⁴,
1554 1773 1611 1803 43:
1644 1768 1795 1814 exeeptis

210 1828 271 1863 his
293 1827 534 1872 vectigalibus,
565 1838 655 1872 quae
678 1827 728 1862 ad
748 1837 899 1862 saerwn
915 1826 1191 1872 patrimonium
1218 1830 1386 1862 nostrum
1409 1837 1618 1871 quoeunque
1640 1829 1795 1870 tempore

205 1887 457 1930 pervmaerwnt,
483 1887 597 1920 cetera
620 1884 679 1919 rei
694 1884 863 1929 publicae
886 1883 1076 1919 civitatum
1099 1887 1203 1929 atque
1226 1883 1402 1919 ordinum
1423 1882 1626 1918 aestimatis
1649 1882 1794 1927 dispen-

211 1942 296 1986 diis,
330 1953 422 1986 quae
439 1953 510 1986 pro
529 1941 689 1986 publicis
712 1941 983 1976 necessitatibus
1006 1941 1157 1976 tolerare
1180 1952 1256 1976 mm
1278 1940 1459 1983 desimam,
1490 1951 1575 1974 cwm
1596 1940 1689 1974 duas
1707 1951 1794 1985 por-

211 1998 326 2033 tiones
349 1998 494 2033 aerario
518 2001 639 2033 mstro
663 1998 825 2043 conferri
840 1998 970 2043 prisea
985 1997 1168 2033 institutio
1192 1997 1436 2042 disposuerat;
1462 1997 1526 2030 sed
1549 1998 1618 2031 etsi
1642 2007 1794 2031 consue·

211 2057 386 2098 tudinem,
412 2066 504 2098 quae
522 2059 653 2098 quart-o
671 2066 706 2098 p.
722 2057 802 2089 Chr.
829 2057 975 2089 saeculo
993 2057 1113 2098 prisca
1129 2055 1390 2098 appellabatur,
1414 2056 1487 2088 iam
1505 2055 1618 2088 altero
1634 2055 1794 2089 valuisse

212 2114 310 2147 haud
334 2113 491 2146 absurde
515 2114 684 2154 conicias,
710 2115 831 2146 tamen
855 2123 943 2146 num
967 2115 1004 2146 in
1021 2114 1322 2155 Palmyrenorum
1346 2121 1404 2146 res
1423 2113 1461 2146 id
1477 2113 1583 2146 cadat
1605 2113 1794 2146 diiudicari

212 2179 320 2214 posse
344 2173 441 2203 recte
474 2171 620 2212 negavit
643 2170 787 2212 Cagnat,
818 2171 990 2212 quoniam
1022 2171 1130 2202 nimis
1162 2178 1291 2203 manca
1321 2172 1418 2203 esset
1446 2179 1573 2203 earum
1602 2171 1792 2203 memoria.

213 2229 316 2262 Certe
339 2229 376 2260 in
406 2228 475 2260 hoc
504 2227 609 2260 titulo
639 2227 779 2259 nullum
812 2229 930 2261 exstat
959 2227 1139 2260 eiusmodi
1170 2228 1407 2260 institutionis
1438 2228 1645 2271 vestigium,
1676 2236 1794 2270 neque

213 2286 344 2319 desunt
368 2284 532 2327 exempla
557 2284 710 2317 aliarum
733 2285 937 2317 civitatium
961 2284 1096 2326 quibus
1126 2285 1163 2317 id
1186 2285 1366 2326 privilegii
1396 2293 1610 2318 concessum
1642 2284 1750 2318 fuerit
1772 2294 1793 2318 a

211 2343 393 2384 Romanis,
417 2343 458 2374 ut
482 2342 603 2374 omnia
626 2341 790 2382 portoria
815 2342 915 2383 ipsae
939 2342 1176 2383 perciperent.
1225 2342 1274 2375 Cf.
1300 2351 1393 2384 quae
1421 2342 1460 2375 H.
1478 2342 1617 2375 Dessau
1640 2341 1793 2375 Hermae

210 2400 294 2433 XIX
319 2408 352 2441 p.
367 2402 427 2432 534
458 2399 660 2440 disputavit
683 2398 726 2430 de
742 2398 1006 2440 Mylasensibus
1023 2399 1147 2432 Cariae
1171 2408 1215 2431 ex
1232 2400 1408 2441 rescripto
1433 2399 1664 2442 imperatoris
1687 2399 1792 2432 cuius

212 2457 411 2498 fragmenta
444 2455 540 2488 edita
574 2456 659 2487 sunt
696 2455 732 2487 C.
761 2456 787 2488 1.
815 2456 889 2488 Lat.
918 2456 975 2497 111,
1005 2458 1082 2488 448.
1132 2456 1281 2498 Ephem.
1309 2457 1421 2498 epigr.
1449 2455 1481 2488 V
1516 2465 1551 2498 p.
1578 2458 1620 2488 62
1652 2465 1687 2488 n.
1714 2458 1791 2488 466.

213 2515 256 2546 44
288 2513 484 2554 Antiquam
508 2512 623 2554 legem
648 2512 763 2545 eidem
790 2513 901 2554 lapidi
925 2513 1034 2546 incidi
1066 2514 1172 2546 iussit
1197 2514 1360 2554 senatus;
1392 2513 1456 2546 sed
1485 2512 1523 2545 ld
1555 2521 1627 2545 non
1657 2512 1792 2545 factum

212 2573 278 2613 est,
308 2571 350 2603 ut
381 2569 528 2612 quidem
558 2569 704 2602 videtur
733 2572 884 2612 propter
916 2571 1023 2612 spatii
1061 2571 1256 2612 angustias.
1297 2570 1447 2603 Dessau.
1600 2572 1640 2602 45
1674 2569 1792 2602 Etiam

1847 1962 1858 2629 >wur-*.¹m'-:.nn¹m.;2.>›zm*.ſtr'.n1.:.>:11.m—-..1
1851 1919 1858 1951 ω.-
1852 1908 1858 1911 A
1855 1896 1858 1901 .
1852 1875 1858 1884 -.

212 2628 421 2670 exemplum
452 2627 683 2660 Aramaieum
716 2625 902 2660 Εαόἂεῖνᾶ
940 2627 1058 2661 habet.
1118 2629 1278 2660 Priorem
1318 2628 1459 2669 partem
1498 2625 1688 2659 manifesto
1730 2626 1792 2659 ad·
1835 2630 1858 2642 ’-

211 2686 384 2719 iectivum
409 2683 502 2718 raba
525 2684 701 2726 (magnus)
725 2693 814 2725 esse,
841 2685 991 2717 alteram
1016 2684 1221 2727 obscuram,
1246 2684 1323 2716 ‘nisi
1347 2683 1481 2717 audeas
1505 2683 1565 2715 hic
1589 2692 1724 2716 nomen
1747 2692 1792 2716 ex

213 2744 405 2776 Persarum
427 2742 548 2783 lingua
568 2741 763 2783 repetitum
788 2743 888 2774 sera‘i
912 2741 1109 2783 (palatium)
1134 2749 1338 2782 agnoscere,
1363 2739 1573 2772 observavit
1596 2739 1640 2772 de
1653 2739 1791 2781 Vogiie.
1853 2753 1858 2760 ·

213 2801 313 2842 lpsas
335 2799 532 2842 parietinas
557 2797 775 2839 magnificas,
801 2798 895 2830 inter
910 2807 1001 2840 quas
1024 2799 1083 2830 hic
1099 2798 1191 2840 lapis
1206 2798 1375 2830 inventus
1392 2798 1498 2839 esset,
1523 2797 1630 2830 hodie
1645 2804 1792 2838 quoque
1846 2799 1850 2801 ’

213 2857 259 2890 ab
284 2856 465 2890 Arabibus
488 2857 588 2890 sera'i
610 2854 799 2898 appellari;
833 2855 896 2887 sed
925 2855 1011 2888 huic
1040 2855 1189 2897 quidem
1219 2855 1271 2886 rei
1300 2854 1363 2886 vix
1392 2854 1589 2896 quicquam
1621 2852 1792 2895 ponderis

213 2913 405 2946 tribuerim
430 2914 467 2946 in
491 2913 628 2955 origine
652 2912 748 2945 illius
773 2912 912 2953 antiqui
936 2912 1091 2945 nominis
1115 2911 1372 2953 investiganda.
