1858 3126
229 114 315 155 624

226 250 341 295 ἁγνός·
379 249 575 296 δικαιοδότῃ
601 248 694 295 ἁγνῷ
717 249 795 292 560,
814 255 867 283 20.
908 247 985 295 ἀγο-

273 307 514 352 ρανομήσαντα
526 306 736 352 τετράμηνον
746 305 857 351 ἁγνῶς
867 305 943 349 524,
954 312 983 340 6.

272 363 383 409 ἁγνῶς
407 364 465 397 καὶ
491 363 680 408 ἀμέμπτως
704 364 783 407 485,
804 371 820 397 3

225 421 333 467 ἀγορά
360 422 389 454 1.
415 420 540 465 forum
556 422 697 464 229,34.
724 421 865 465 332‚11.
903 424 983 466 στῆ-

272 489 329 511 σαι
354 476 469 512 εἰκόνα
495 477 648 523 (στήλην)
671 497 719 503 -
743 478 778 512 ἐν
808 479 851 526 τῇ
877 477 984 524 ἀγορᾷ

271 536 349 579 215,
369 541 421 568 22.
458 536 536 579 267,
562 543 614 570 37.
650 537 727 579 515,
754 542 806 570 46.
851 535 983 583 ἱδρύσα-

271 591 350 627 σθαι
374 611 419 617 -
446 594 561 639 βωμὸν
599 591 633 626 ἐν
673 597 731 638 τῆι
768 592 888 640 ἀγορᾶι
928 593 982 637 55,

272 656 325 684 24.
352 656 405 684 25.
454 649 488 683 ἐν
520 650 627 697 ἀγορᾷ
661 651 738 694 248,
766 658 819 684 55.
854 651 930 693 728,
953 658 982 684 7.

270 706 305 741 ἐν
332 705 485 754 Γάγγρας
511 707 545 742 ἐν
569 707 700 754 rei-{opi
724 707 825 753 ὅρκος
850 707 867 741 ὁ
891 706 984 741 τελε-

271 762 363 802 σθείς
382 765 459 808 532,
469 772 500 798 4.
542 765 573 799 2.
599 764 798 799 concilium
809 764 984 799 veleomi-

270 821 339 856 tia:
366 821 401 855 ἐν
419 820 527 868 ἀγορᾷ
541 821 660 866 τελείῳ
677 819 843 867 (Δελφῶν)
860 823 936 866 150,
953 829 982 856 3.

271 878 305 912 ἐν
339 878 446 926 ἀγορᾷ
475 878 595 925 τελείῳ
629 877 794 925 (Δελφῶν)
828 879 895 925 σὺμ
919 879 984 926 ψά-

270 947 346 982 φοις
376 940 452 974 ταῖς
485 935 641 982 ἐννόμοις
668 937 747 980 241,
770 944 820 970 13.
855 938 982 980 305,1.

272 994 348 1036 345,
361 1002 390 1027 5.
421 992 455 1026 ἐν
468 993 513 1039 τῇ
526 992 633 1039 ἀγορᾷ
645 992 827 1041 πληθοὺσῃ
838 994 917 1037 483,
929 1001 982 1028 87.

271 1050 302 1083 3.
315 1052 510 1084 mercatus:
531 1049 618 1095 μήτε
631 1050 823 1097 χορηγείτω
835 1053 907 1088 τοῖς
922 1062 983 1084 πο-

269 1106 401 1151 λεμίοις
433 1107 520 1152 μήτε
549 1107 713 1155 χρήματα
747 1107 834 1152 μήτε
858 1107 982 1154 ἀγοράν

270 1164 348 1207 437,
368 1170 420 1197 72.
464 1165 496 1198 4.
523 1163 629 1211 ἀγορὰ
655 1164 758 1198 δικῶν
791 1167 984 1200 conventus

269 1220 455 1255 iuridieus
479 1222 556 1264 517,
578 1229 594 1255 9

223 1277 396 1325 ἀγοράζω·
447 1277 505 1312 ἐὰν
553 1278 705 1326 ἀγοράσῃ
752 1279 791 1313 τὸ
841 1278 982 1327 ὀψάριον

269 1335 348 1378 484,
369 1341 420 1369 12.
471 1334 561 1380 βοῶν
599 1337 644 1370 ὧν
681 1335 906 1383 ἀγοράσαντες
943 1337 984 1371 ἐκ

268 1396 331 1437 τῆς
356 1391 460 1426 αὐτοῦ
484 1392 687 1439 ἐξηγάγοντο
713 1394 790 1437 748,
811 1401 864 1428 11.
900 1393 983 1438 ἠγό-

271 1461 357 1494 ρασα
389 1450 604 1497 σαρκοφάγον
638 1451 716 1494 382,
737 1458 767 1484 5.
814 1449 983 1496 ἀγοράσας

270 1506 368 1554 σορόν
388 1507 465 1549 526,
485 1514 516 1541 2.
551 1506 705 1553 ἠγόρασα
722 1507 789 1553 ἐγὼ
808 1506 921 1541 Σαοὺλ
937 1527 984 1532 -

271 1567 391 1609 μνῆμα
415 1564 493 1607 602,
514 1572 541 1598 1.
583 1563 641 1597 ἐὰν
666 1583 711 1588 -
736 1563 875 1603 δόξωσιν
899 1564 983 1611 ἠγο-

270 1620 408 1668 ρακέναι
441 1621 519 1663 484,
540 1627 593 1655 25.
644 1621 732 1655 κατὰ
762 1621 804 1655 τὰ
835 1621 920 1656 αὐτὰ
945 1622 983 1656 δὲ

268 1677 327 1712 καὶ
356 1677 418 1715 τὰς
454 1682 618 1724 γυναῖκας
655 1677 848 1726 (ἐλευθέρας
884 1679 980 1721 εἶναι)

269 1734 358 1780 πλὴν
375 1740 443 1769 τῶν
460 1735 703 1782 ἡγορασμένων
723 1734 779 1770 ἐπὶ
797 1738 858 1770 τοῦ
875 1734 982 1771 Φιλα-

269 1791 396 1838 δέλφου
437 1791 496 1826 καὶ
536 1791 775 1839 Φιλομήτορος
816 1793 981 1838 βασιλέων

270 1850 348 1893 338,
368 1856 408 1883 23

222 1905 400 1952 ἀγοραῖος·
425 1909 501 1944 ταῖς
515 1905 686 1953 ἀγοραίοις
699 1908 982 1953 πιπρασκομένων

268 1964 348 2006 484,
369 1970 408 1997 60

222 2019 435 2066 ἀγορανόμος
448 2020 676 2066 (ἀγορανόμοι)
705 2022 734 2055 1.
757 2020 983 2057 Graecarum

268 2075 476 2111 civitatium
492 2077 746 2122 maqistratus:
771 2075 980 2124 Ἀγκυρανῶν

269 2133 572 2179 ἀγορανομήσαντα
582 2135 660 2178 544,
670 2141 723 2168 26.
743 2133 980 2182 Θυατειρηνῶν

268 2190 575 2237 ἀγορανομήσαντα
604 2191 814 2237 τετράμηνον
852 2192 929 2235 524,
946 2194 980 2225 ’5.

269 2245 463 2295 Μαγνήτων
505 2247 812 2294 ἀγορανομήσαντα
847 2250 925 2292 485,
950 2255 980 2283 8.

267 2303 513 2351 Μυτιληναίων
558 2306 636 2349 456,
667 2312 721 2339 24.
793 2303 980 2352 Παλμυρη-

267 2367 335 2396 νῶν
353 2362 658 2409 ἀγορανομήσαντα
677 2363 820 2406 640,10.
838 2363 980 2405 646,10.

269 2417 504 2464 Περγαμηνῶν
528 2420 675 2463 484,17.
716 2417 979 2453 Πεσσινουντίων

269 2475 574 2522 ἀγορανομήσαντα
608 2475 804 2512 πλειστάκις
840 2476 917 2518 537,
949 2483 979 2508 8.

271 2531 574 2579 Σεβαστοπολιτῶν
583 2532 888 2579 ἀγορανομήσαντα
899 2531 980 2565 πλε-

271 2590 384 2628 ονάκις
410 2590 488 2632 529,
502 2596 532 2623 6.
559 2608 598 2613 -
625 2594 693 2623 τῶν
717 2589 979 2635 ἠγορανομηκό-

268 2659 335 2681 των
362 2648 439 2691 705,
458 2654 489 2681 4.
514 2665 559 2671 -
587 2646 618 2681 2.
643 2645 774 2681 aedilis
797 2645 979 2680 Romano-

268 2715 355 2739 rum
380 2705 458 2748 482,
479 2713 495 2739 6

222 2760 416 2809 ἀγορασμός
427 2772 435 2780 ·
455 2760 670 2808 ἀγορασμοὺς
682 2760 889 2799 ἀναδάστους
903 2772 978 2795 ποι-

270 2822 320 2853 εῖν
346 2819 423 2863 669,
443 2825 483 2853 20

223 2875 416 2922 ἀγοραστής
441 2877 495 2919 36,
516 2883 532 2910 8

944 112 1095 144 Indices.

1055 249 1227 296 ἀγορητής
1251 250 1330 293 262,
1348 257 1402 284 21.
1440 248 1605 298 ἀγορηταί
1629 251 1707 294 262,
1724 257 1764 286 20

1056 305 1181 353 ἀγρέω·
1223 305 1365 352 ἅγρηται
1402 309 1435 349 (i.
1457 317 1488 340 θ.
1515 301 1647 354 ᾕρηται)
1683 308 1814 355 κρίταις

1101 364 1179 407 335,
1199 371 1252 398 68.
1298 364 1329 398 οἰ
1353 363 1553 410 ἀγρέθεντες
1575 364 1695 413 ἄνδρες
1719 367 1751 409 2,
1770 374 1810 401 33

1055 419 1228 466 ἀγροικία·
1253 420 1341 455 κατὰ
1363 421 1426 467 τὴν
1450 419 1626 468 ἀργοικίαν
1651 423 1728 467 519,
1747 430 1787 458 29

1054 476 1158 523 ἀγρός
1188 478 1267 521 488,
1287 486 1317 512 5.
1365 477 1463 524 ἀγροί
1492 479 1570 523 235,
1591 486 1621 514 2.
1666 478 1812 527 ἀπήχθη

1102 534 1163 579 μὲν
1179 534 1222 568 τὰ
1238 533 1307 569 ἀπὸ
1323 540 1391 570 τῶν
1408 535 1521 582 ἀγρῶν
1542 536 1652 571 πάντα
1676 537 1754 580 339,
1770 543 1810 571 56

1055 590 1249 638 ἀγρυπνέω·
1294 591 1477 639 ἀγρυπνεῖν
1509 593 1574 640 γὰρ
1609 593 1709 628 αὐτὸν
1746 594 1812 636 (τὸν

1101 648 1251 696 ἄρχοντα
1267 655 1335 684 τῶν
1348 651 1484 692 στενῶν)
1497 651 1556 685 καὶ
1570 651 1814 698 πολυπραγμο-

1100 710 1170 740 νεῖν
1197 706 1324 741 ἕκαστα
1349 707 1546 753 βουλόμεθα
1570 709 1648 752 521,
1668 715 1685 742 6

1054 762 1233 809 ἀγρύπνους
1256 783 1302 789 -—
1327 764 1522 812 ἐφρόντισεν
1549 766 1625 810 194,
1645 772 1685 800 23

1054 819 1198 868 ἄγχιστα
1221 821 1341 868 γένους
1365 823 1443 866 266,
1464 830 1480 857 9

1055 877 1190 924 ἀγωγή·
1227 878 1386 929 φαίνεσθε
1417 879 1481 926 γὰρ
1511 879 1665 916 καθόλου
1696 880 1814 928 ἀγωγῇ

1100 935 1206 982 ταύτῃ
1230 935 1383 983 χρῆσθαι
1414 937 1566 981 223,15.
1611 937 1728 986 ἀγωγῇ
1753 938 1814 972 κό-

1102 1004 1199 1037 σμιον
1225 993 1303 1036 485,
1323 1000 1353 1027 3.
1404 994 1465 1028 καὶ
1495 993 1550 1028 διὰ
1575 994 1639 1040 τὴν
1661 1006 1813 1040 κοσμιω-
1843 1001 1858 1043 -ξ

1100 1049 1204 1094 τάτην
1230 1048 1369 1096 ἀγωγήν
1393 1051 1472 1094 474,
1492 1058 1509 1085 9

1055 1105 1245 1154 ἀγώγιμος·
1284 1106 1498 1154 φευγέτωσαν
1537 1108 1610 1153 μέν,
1646 1108 1815 1156 ἀγώγιμοι

1102 1164 1140 1198 δὲ
1164 1164 1212 1210 μὴ
1239 1163 1388 1198 ἔστωσαν
1415 1165 1446 1208 8,
1467 1172 1529 1200 100
1544 1175 1624 1209 sqq.

1852 1116 1858 1136 ἐ

1845 1150 1858 1217 3

1055 1220 1187 1268 ἀγωγὸς
1219 1220 1349 1256 υδάτων
1380 1221 1632 1268 εἰσφερομένων
1661 1223 1710 1261 εἰς
1739 1221 1814 1259 Κά-
1850 1242 1851 1245 ¹

1100 1291 1185 1312 νατα
1208 1279 1286 1322 618,
1307 1286 1324 1313 9

1055 1334 1146 1382 ἀγών
1182 1338 1215 1379 4,
1235 1343 1288 1370 37.
1326 1337 1356 1380 6,
1376 1343 1430 1370 23.
1453 1343 1506 1370 31.
1541 1338 1596 1381 49,
1616 1343 1647 1372 2.
1683 1338 1761 1382 212,
1780 1311 1848 1373 ιι.»ι

1101 1393 1222 1436 231‚3.
1249 1393 1368 1437 2326.
1395 1393 1515 1437 2534.
1541 1394 1620 1438 282,
1635 1401 1665 1429 ⁶.
1686 1402 1738 1430 17.
1756 1401 1811 1430 23.
1840 1386 1844 1422 Γ

1102 1451 1178 1494 339,
1210 1458 1263 1486 78.
1304 1451 1382 1494 345,
1413 1457 1467 1485 30.
1506 1452 1585 1495 441,
1618 1459 1692 1486 133.
1734 1453 1841 1496 509,»,

1106 1515 1156 1541 14.
1176 1514 1229 1542 2ο.
1255 1508 1332 1550 513,
1353 1515 1405 1541 17.
1432 1509 1509 1550 595,
1530 1515 1583 1542 11.
1601 1515 1655 1543 28.
1695 1521 1812 1556 γυμνι-

1100 1565 1160 1602 κός
1186 1565 1263 1608 212,
1284 1570 1336 1598 12.
1361 1564 1439 1608 219,
1455 1572 1508 1599 39.
1534 1564 1761 1610 232,s.<305‚
1781 1574 1828 1602 ⁸.·
1852 1599 1853 1602 ,

1101 1622 1179 1665 319,
1199 1629 1230 1655 8.
1270 1621 1348 1665 339,
1373 1628 1426 1655 36.
1467 1622 1546 1665 458,
1565 1630 1620 1657 58.
1660 1623 1738 1666 533,
1758 1630 1811 1657 16.

1102 1679 1243 1722 566,22.
1270 1679 1412 1722 764,51.
1453 1678 1641 1724 θυμελικός
1665 1680 1812 1723 329,41.

1102 1737 1180 1779 566,
1205 1742 1260 1770 22.
1313 1735 1452 1774 ἱππικός
1488 1735 1639 1780 212,12.
1677 1737 1754 1780 282,
1780 1744 1812 1772 8.

1101 1793 1178 1835 319,
1198 1800 1228 1827 9.
1271 1790 1444 1831 ἰσοπύθιος
1475 1793 1554 1836 231,
1575 1801 1626 1828 15.
1659 1794 1738 1835 232,
1759 1801 1811 1829 14.

1100 1850 1179 1893 282,
1206 1857 1236 1884 9.
1278 1850 1356 1893 319,
1383 1857 1412 1884 8.
1473 1851 1636 1895 μουσικός
1674 1851 1752 1895 282,
1779 1859 1810 1887 8.
1844 1887 1847 1890 ,

1101 1908 1178 1950 305,
1199 1914 1228 1941 8.
1260 1907 1338 1950 319,
1357 1914 1387 1941 8.
1418 1907 1495 1949 509,
1517 1914 1568 1941 15.
1609 1907 1810 1954 στεφανίτης
1839 1924 1844 1954 ᾗ

1099 1963 1242 2006 231,15.
1269 1964 1412 2006 232,14.
1439 1964 1647 2006 233,27.38.
1664 1965 1843 2008 282,1o.*-

1099 2021 1222 2062 299,4.
1244 2027 1295 2054 16.
1321 2020 1398 2063 319,
1411 2028 1440 2055 8.
1466 2021 1586 2064 322,7.
1624 2020 1810 2066 τραγῳδῶν

1098 2079 1148 2122 τῷ
1187 2076 1292 2122 ἀγῶνι
1331 2078 1408 2121 730,
1430 2083 1483 2112 20.
1538 2077 1722 2124 τραγῳδῶν
1761 2078 1813 2126 τῷ

1098 2134 1206 2180 καινῷ
1240 2133 1346 2180 ἀγῶνι
1381 2135 1459 2178 771,
1490 2141 1544 2168 25.
1575 2142 1629 2170 33.
1681 2134 1810 2182 ἀγῶνες
1833 2131 1842 2171 ;.

1358 2192 1482 2235 81,19.
1507 2192 1587 2235 215,
1605 2198 1636 2226 2.
1660 2192 1739 2235 218,
1755 2198 1810 2226 26.
1832 2223 1836 2226 ,

1098 2192 1130 2233 9,
1150 2198 1179 2225 4.
1208 2192 1259 2234 10,
1281 2198 1331 2225 12.

1098 2248 1175 2291 233,
1202 2256 1253 2283 83.
1290 2249 1368 2293 241,
1394 2255 1448 2283 21.
1484 2249 1562 2292 248,
1589 2256 1642 2283 49.
1679 2249 1758 2292 305,
1777 2255 1807 2283 7.

1101 2311 1152 2338 12.
1171 2313 1224 2339 35.
1258 2306 1336 2349 339,
1357 2312 1432 2340 101.
1465 2306 1543 2349 456,
1563 2311 1617 2340 27.
1647 2306 1727 2350 458,
1754 2313 1828 2341 ⁶1.:

1098 2363 1175 2406 505,
1188 2368 1217 2396 2.
1245 2363 1494 2406 509,4.1ο.15.
1521 2363 1598 2406 557,
1610 2369 1640 2397 9.
1666 2363 1815 2406 566,22..

1275 2420 1352 2462 730,
1383 2425 1437 2453 24.
1477 2419 1556 2462 748,
1575 2425 1605 2453 4.
1647 2419 1725 2462 763,
1752 2425 1821 2454 27.υ

1098 2419 1175 2462 567,
1204 2427 1233 2453 5.

1096 2475 1252 2521 γυμνικοὶ
1283 2477 1359 2519 771,
1380 2482 1433 2509 26.
1453 2482 1506 2510 27.
1527 2483 1580 2511 35.
1627 2474 1819 2521 θυμελικοί,

1096 2534 1174 2576 456,
1191 2541 1221 2567 ’1.
1265 2532 1432 2567 ἷσοπὺθιοι
1449 2535 1567 2576 305,8.
1593 2533 1711 2577 547,9.
1746 2532 1817 2576 κύωἼῚ

1095 2589 1186 2623 κλιοι
1209 2590 1287 2633 213,
1308 2597 1361 2624 38.
1408 2589 1487 2627 τοὺς
1521 2588 1575 2623 διὰ
1596 2595 1666 2623 τῶν
1690 2589 1808 2624 ὅπλωύ

1096 2646 1229 2692 ἀγῶνας
1255 2647 1332 2690 764,
1348 2653 1402 2681 24.
1421 2652 1474 2680 29.
1494 2653 1547 2680 34.
1567 2653 1620 2681 38.
1640 2654 1692 2681 48.
1730 2641 1819 2697 new-'j'

1095 2702 1290 2750 ταετηρικοί
1306 2704 1384 2747 567,
1397 2710 1427 2737 5.
1468 2706 1663 2749 στεφανῖται
1684 2704 1762 2747 270,
1773 2709 1812 2742 98,

1097 2762 1174 2804 305,
1201 2769 1230 2796 8.
1283 2759 1411 2807 ἀγῶνες
1442 2759 1609 2804 βασιλικοί
1645 2760 1723 2803 383,
1750 2765 1823 2795 6⁶.

1096 2816 1245 2855 πολλοὺς
1277 2817 1339 2862 μὲν
1378 2817 1437 2851 καὶ
1469 2815 1638 2863 μεγάλους
1673 2816 1804 2863 ἀγῶνας

1097 2873 1243 2921 ὑπέστην
1256 2874 1340 2921 πρὸς
1350 2874 1440 2914 τοὺς,
1451 2873 1641 2920 βαρβάρους
1659 2874 1735 2916 763,
1751 2879 1827 2907 10.Αι

1841 2012 1858 2120 s,
