1858 3126
173 97 252 138 136
405 97 491 129 VIII.
528 98 674 140 Imperii
698 97 847 130 Romani
870 99 1078 140 provinciae
1102 98 1302 131 orientales.
1351 102 1383 132 4.
1406 99 1500 133 Asia.
1613 99 1739 142 [497—

286 235 498 291 ρωμαῖος4,
535 232 616 289 καὶ]
657 234 661 291 l
706 234 804 292 αὐτὴ
841 239 911 277 τοῦ
949 239 1083 278 κοινοῦ
1111 240 1182 292 τῆς
1204 233 1426 284 Ἑλλάδοςῦ
1455 238 1511 292 [ἐν
1541 238 1629 285 ταῖς
1660 236 1739 294 μά-

236 315 254 345 5
283 303 412 358 λιστα]
443 303 454 359 Η
485 304 659 351 ἐνδόξοις
696 303 796 346 οὖσα
831 304 898 347 καὶ
936 304 1127 361 μεγάλαις
1164 307 1247 362 [τῆς
1282 303 1411 354 Ἀσίας
1446 305 1633 364 πόλεᾙσιν
1672 306 1739 349 διά

282 388 324 414 τε
359 371 402 414 τὸ
441 373 553 428 γένος
575 370 826 429 ‘EM-mathaei)
862 376 934 416 ὂνθ
963 374 1030 416 καὶ
1060 374 1144 431 τὴν]
1177 375 1181 429 Ι
1214 373 1310 431 πρὸς
1332 372 1558 430 Ῥωμαίους
1589 377 1634 418 ἐκ
1663 391 1740 417 πα-

283 443 401 483 λαιοῦ
432 442 583 498 φι[λίαν
614 441 682 484 καὶ
714 442 922 499 εὔνοι]1αν7
952 442 1020 485 καὶ
1051 441 1119 485 διὰ
1150 442 1193 485 τὸ
1226 444 1446 500 εῧξῆσθαι8
1475 445 1643 500 τειμαῖ[ς
1671 461 1740 499 με-

283 509 425 566 γάλαις
457 510 546 566 ὑπὸ]
579 510 583 566 Ι
616 511 715 553 θεοῦ
737 508 986 568 Ἃδριανοῢ9,
1018 513 1193 568 ἀνέθηκε
1223 517 1289 569 τῆι
1318 513 1484 569 [θεᾶι10,
1514 512 1619 555 κατὰ
1650 511 1738 555 τὸ11

214 589 256 622 10
286 578 448 635 &Quum
492 580 589 635 τ[ο]ὕ
635 580 955 637 Πανελληνίου12
1000 578 1305 639 ἐνγρα[φεῖσοί13
1347 583 1405 630 εἰς
1447 581 1538 630 τοὺς
1586 581 1740 625 Πανέλ-

282 648 476 703 ληνας14].

263 789 280 819 4
313 788 369 820 Sic
393 788 576 830 supplevit
601 788 780 831 wilhelm,
807 789 871 822 sed
896 791 992 822 recte
1017 789 1072 822 W.
1091 790 1238 823 Drexler
1261 790 1380 823 Jahrb.
1400 789 1421 823 f.
1439 790 1632 832 Philologie
1651 793 1737 823 4894

168 853 203 886 p.
223 847 286 877 329
313 847 438 877 monet
462 846 570 878 etiam
604 844 808 892 φιλοκαῖσαρ
842 849 903 880 aut
937 844 1177 892 φιλοσέβαστος
1210 848 1335 890 reponi
1364 848 1482 880 licere.
1599 851 1618 880 5
1652 848 1741 881 Pan-

166 902 349 934 hellenum
374 903 586 944 synedrium
611 904 869 946 interpretatur
893 904 1036 946 Cagnat.
1083 905 1151 937 Sed
1175 905 1245 938 hoc
1267 905 1364 938 idem
1389 906 1582 938 concillum
1606 914 1741 948 pauco-

167 969 248 992 rum
275 969 448 992 versuum
474 961 661 993 intervallo
679 962 832 994 diversis
858 962 1064 995 nominibus
1080 962 1253 1004 appellari
1275 962 1515 1005 improbabile
1533 965 1600 1005 est,
1624 972 1740 1005 neque

168 1018 313 1050 omnino
339 1018 375 1050 in
400 1020 568 1051 accurato
601 1019 789 1052 titulorum
816 1019 1046 1061 publicorum
1079 1029 1245 1053 sermone
1269 1020 1498 1053 Panhellenes
1530 1019 1742 1063 simpliciter

160 1067 330 1119 Ἕλληνες
356 1077 543 1108 vocantur.
592 1077 706 1109 Immo
732 1077 879 1118 perinde
903 1086 944 1109 ac
969 1087 1001 1110 n.
1021 1080 1085 1110 503
1111 1078 1212 1110 initio
1238 1077 1372 1111 Graeca
1396 1079 1498 1120 origo
1523 1078 1741 1111 arctissima—

168 1140 238 1173 que
263 1141 354 1174 quae
379 1133 593 1174 iampridem
620 1133 686 1166 fuit
710 1142 793 1166 cum
826 1134 972 1176 populis
997 1134 1140 1167 Graecis
1165 1135 1392 1168 necessitudo
1423 1135 1616 1177 extollitur,
1649 1143 1742 1177 quae

166 1190 245 1221 tum
270 1190 391 1231 ipsum
416 1199 541 1223 ansam
564 1190 662 1223 dedit
679 1191 858 1234 Cibyratis
882 1192 919 1224 in
936 1192 1025 1224 illud
1042 1192 1209 1225 Hadriani
1226 1192 1492 1225 Panhellenium
1517 1192 1742 1234 recipiendis,

168 1256 278 1288 quam
308 1247 355 1279 ob
387 1257 463 1280 rem
494 1248 620 1281 titulus
650 1249 786 1281 incisus
817 1251 880 1282 est.
931 1249 1052 1288 Qualis
1082 1258 1168 1282 sane
1198 1250 1381 1291 antiquior
1410 1250 1564 1282 societas
1593 1249 1652 1282 hic
1682 1251 1743 1283 τοῦ

167 1306 282 1336 κοινοῦ
307 1307 370 1349 τῆς
393 1299 558 1342 Ἑλλάδος
582 1307 726 1339 nomine
751 1306 930 1339 indicetur
953 1307 1048 1340 latet.
1096 1307 1187 1340 Nam
1218 1307 1433 1340 continentis
1458 1307 1626 1340 Graeciae
1658 1315 1743 1340 con-

169 1362 250 1394 cilio
274 1362 363 1394 urbs
387 1362 517 1395 Asiana
542 1363 802 1396 mediterranea
827 1365 999 1397 interesse
1022 1374 1092 1397 non
1119 1366 1269 1406 poterat,
1294 1365 1331 1397 in
1355 1364 1506 1398 concilio
1531 1363 1744 1406 provinciali

170 1419 386 1451 Graecarum
412 1420 517 1453 Asiae
549 1421 751 1453 civitatium
783 1421 826 1462 (n.
845 1420 958 1462 45824)
991 1430 1077 1454 vero
1108 1423 1187 1454 iure
1219 1422 1361 1454 mireris
1392 1424 1455 1465 τῆς
1473 1417 1643 1458 Ἑλλάδος
1671 1429 1740 1463 pro

167 1481 233 1508 τῶν
254 1471 427 1521 Ἑλλήνων
453 1478 550 1520 dicit,
576 1479 645 1510 etsi
661 1473 812 1511 Ἑλλάδα
837 1487 964 1511 omnes
989 1480 1136 1512 omnino
1162 1480 1324 1520 regiones
1348 1478 1413 1512 ubi
1434 1479 1558 1512 Graeci
1583 1477 1748 1511 habitent

169 1534 370 1575 significare
394 1543 501 1576 posse
526 1545 598 1568 non
623 1537 679 1568 est
708 1536 921 1577 negandum.
1040 1539 1058 1568 6
1091 1536 1325 1578 participium
1357 1536 1478 1569 addidi
1508 1538 1549 1568 ut
1583 1535 1747 1568 mederer

169 1592 270 1633 gravi
295 1592 523 1633 soloecismo,
553 1601 663 1634 quem
688 1593 830 1634 priores
855 1593 1010 1626 editores
1034 1594 1209 1626 intactum
1234 1594 1468 1635 reliquerunt.
1587 1596 1604 1624 7
1638 1592 1745 1634 Ciby-

169 1658 247 1681 ram
273 1649 333 1681 Cn.
351 1650 501 1682 Manlius
518 1649 629 1682 Volso
659 1659 725 1692 per
749 1650 1013 1692 expeditionem
1041 1660 1071 1683 a.
1096 1653 1160 1683 489
1184 1660 1214 1683 a.
1234 1651 1313 1684 Chr.
1345 1652 1469 1683 contra
1495 1650 1635 1683 Galatas
1666 1658 1746 1683 sus-

171 1708 313 1748 ceptam
337 1706 479 1748 subegit
503 1706 637 1749 (Polyb.
662 1707 753 1749 XXI,
773 1709 826 1750 34,
845 1710 864 1739 2
879 1716 956 1750 sqq.
997 1708 1119 1740 Livius
1143 1707 1333 1750 XXXVIII,
1358 1708 1411 1749 44,
1439 1710 1456 1739 3
1471 1708 1573 1749 sqq.).
1621 1707 1744 1740 Paullo

171 1766 254 1806 post
273 1764 421 1796 Romani
445 1764 572 1797 foedus
598 1773 681 1797 cum
707 1765 852 1797 civitate
876 1765 1046 1808 fecerunt,
1073 1766 1177 1797 cuius
1201 1765 1324 1798 tabula
1348 1773 1464 1806 nuper
1487 1766 1590 1797 eruta
1613 1765 1669 1797 est
1693 1764 1745 1806 (V.

171 1821 322 1863 append.
341 1822 536 1854 voluminis
553 1822 605 1862 11).
714 1825 732 1855 8
766 1822 814 1855 Cf.
833 1821 936 1864 Sy11.2
950 1825 1025 1864 732,
1041 1825 1081 1854 48
1107 1819 1256 1867 εὔξησεν.
1296 1821 1474 1860 Quoniam
1491 1833 1535 1866 ηυ
1553 1823 1746 1863 augmento

171 1879 362 1920 temporali
386 1881 422 1911 et
452 1888 495 1912 ex
520 1890 556 1912 ευ
587 1881 623 1912 et
647 1888 690 1912 ex
716 1891 756 1912 αυ
783 1881 880 1912 nasci
911 1881 1062 1922 poterat,
1095 1888 1136 1912 ea
1164 1881 1289 1921 aetate,
1324 1888 1395 1921 qua
1426 1880 1497 1912 iam
1526 1879 1665 1920 neglegi
1693 1879 1747 1911 in-

172 1936 327 1977 cipiebat
352 1938 597 1978 augmentum,
623 1937 692 1969 hoc
716 1948 752 1969 ευ
778 1945 901 1969 errore
925 1938 1035 1969 etiam
1059 1937 1104 1969 ad
1128 1936 1241 1969 verba
1264 1936 1309 1969 ab
1334 1947 1375 1968 αυ
1400 1936 1605 1978 incipientia
1630 1938 1747 1969 trans-

173 1993 285 2024 latum
299 1993 452 2026 videtur.
491 1993 593 2026 Certe
609 1994 705 2026 nulla
718 1994 865 2035 originis
886 1994 1144 2027 communione
1164 1994 1234 2026 hoc
1254 2002 1376 2026 rarum
1390 1993 1519 2026 vitium
1542 1993 1747 2026 continetur

171 2057 255 2082 cum
286 2050 346 2082 illo
372 2051 619 2091 volgatissimo
650 2051 957 2092 diphthongorum
980 2062 1017 2095 ηι
1041 2053 1077 2083 et
1101 2062 1130 2083 ει
1160 2051 1460 2092 permutatarum.
1597 2052 1617 2083 9
1647 2050 1746 2082 Titu-

172 2107 229 2139 lus
245 2107 425 2139 Antonino
443 2108 503 2140 Pio
529 2108 729 2149 imperante
747 2108 770 2149 (4
782 2111 886 2140 38-4
897 2111 933 2139 64
953 2117 988 2150 p.
1002 2107 1082 2140 Chr.
1097 2108 1140 2148 n.)
1167 2108 1301 2140 incisus
1317 2107 1473 2140 videtur.
1579 2109 1620 2139 40
1655 2107 1746 2149 Sup-

171 2164 266 2206 plevi
284 2164 500 2207 dubitanter,
518 2174 601 2197 nam
620 2167 739 2207 potest
755 2166 863 2197 etiam
880 2166 1072 2207 proprium
1090 2165 1177 2198 deae
1193 2174 1326 2197 nomen
1343 2164 1462 2197 fuisse.
1580 2166 1616 2196 44
1655 2165 1746 2206 Sup-

173 2222 278 2264 plevi.
389 2225 431 2254 42
463 2222 512 2255 Cf.
530 2232 562 2254 n.
576 2221 672 2255 5032.
693 2221 790 2255 5046.
900 2225 941 2254 43
958 2223 1157 2264 «δυρρὶονί.
1267 2223 1309 2254 44
1342 2222 1524 2264 supplevi.
1558 2222 1607 2255 Cf.
1625 2223 1699 2254 not.
1715 2225 1744 2253 5.

173 2279 300 2321 Utique
330 2278 418 2312 κατὰ
448 2279 486 2312 τὸ
519 2278 628 2325 δόγμα
659 2282 718 2312 τοῦ
751 2276 982 2323 Πανελληνίου
1016 2279 1060 2312 ad
1089 2277 1238 2323 ἀνέθηκε
1262 2278 1387 2311 referri
1411 2288 1483 2312 non
1512 2279 1605 2311 licet.
1653 2277 1746 2311 Nam

173 2337 402 2370 Panhellenes
427 2338 458 2370 si
483 2338 624 2370 concilii
650 2337 794 2370 decreto
820 2337 1019 2379 quamlibet
1043 2345 1119 2369 rem
1145 2336 1379 2378 dedicassem,
1413 2345 1485 2369 non
1509 2335 1657 2377 civitati,
1682 2334 1746 2367 sed

173 2394 330 2436 praesidi
369 2403 435 2427 suo
467 2396 527 2427 aut
559 2395 618 2427 alii
650 2394 875 2436 magistratui
906 2395 1026 2436 operis
1061 2393 1238 2426 efficiendi
1270 2402 1396 2426 curam
1432 2392 1673 2433 mandassent,
1710 2392 1746 2423 et

174 2452 314 2494 prolixa
339 2460 486 2484 suarum
504 2460 627 2484 rerum
645 2452 868 2493 expositione
886 2451 1076 2493 Cibyratae
1093 2451 1261 2493 indicant,
1286 2451 1355 2483 hoc
1371 2451 1544 2492 ipsorum,
1570 2457 1643 2482 non
1658 2448 1745 2481 Pan-

174 2509 354 2542 hellenum
382 2510 656 2541 monumentum
681 2517 770 2541 esse.

222 2692 226 2694 γ
260 2714 350 2758 498
391 2718 506 2757 Basis
536 2716 751 2755 marmoris
781 2716 970 2755 Pentelici
1000 2716 1163 2755 inventa
1192 2714 1411 2766 Olympiae.
1464 2713 1525 2751 Ex
1553 2712 1745 2764 Purgoldi

175 2786 413 2839 apographo
445 2786 506 2825 ed.
532 2787 596 2825 W.
619 2784 898 2836 Dittenberger
916 2783 1101 2823 Archaol.
1123 2783 1206 2834 Ztg.
1229 2781 1425 2821 XXXVIII
1455 2779 1594 2833 (⁴880)
1625 2792 1665 2833 p.
1690 2780 1735 2819 64

175 2870 214 2896 n.
240 2856 319 2895 353
353 2853 555 2908 (Olympia
574 2854 608 2894 V
636 2866 676 2906 p.
701 2852 781 2892 547
813 2865 852 2892 n.
877 2851 986 2903 455).
