1858 3126
694 169 946 202 PRAEFATIO.
1579 180 1609 208 v

117 306 243 360 Quod
267 307 405 350 Iulius
425 305 598 360 Beloch,
630 305 752 349 cuius
771 305 977 349 iudicium
998 309 1174 361 propter
1195 304 1417 348 doctrinae
1438 305 1606 360 copiam

33 385 78 427 et
103 381 268 438 ingenii
291 394 473 426 acumen
491 380 666 424 maximi
695 379 823 435 facio,
855 379 910 423 de
939 380 1080 436 priore
1100 379 1333 434 volumine,
1363 379 1479 435 quod
1510 379 1609 422 aliis

31 455 278 501 nominibus
306 456 349 500 ei
377 469 462 499 non
492 454 770 511 displicuisse
788 454 974 509 videtur,
1004 458 1183 510 questus
1204 459 1271 499 est
1290 454 1404 509 quod
1424 455 1610 498 selectas

33 530 157 576 modo
198 531 377 575 orientis
412 530 569 575 Graeci
604 531 907 587 inscriptiones
946 529 1178 574 edidissem
1216 544 1313 574 cum
1349 535 1437 574 tam
1478 530 1610 573 facile

0 603 2 664 g
32 606 187 651 fuisset
222 609 365 650 totum
408 618 570 662 ponere
615 604 801 660 (Griech.
834 604 1094 649 Geschichte
1123 605 1188 648 ΙΙΙ
1227 619 1269 661 p.
1292 605 1380 660 VI),
1424 603 1471 647 id
1505 617 1610 647 sane

0 670 1 687 ³
33 680 174 725 miror.
223 681 336 724 Nam
365 685 547 736 apparet
574 680 613 723 si
642 679 743 723 huic
763 680 979 724 desiderio
998 693 1158 723 morem
1179 692 1333 735 gerere
1361 679 1609 733 voluissem,

34 755 222 799 futurum
250 754 388 799 fuisse
415 758 463 799 ut
490 754 600 799 haec
629 754 825 798 collectio
854 754 899 797 in
930 754 1144 810 triplicem
1173 758 1249 796 aut
1277 753 1389 797 adeo
1420 753 1612 808 quadru-

35 829 191 886 plicem
217 829 425 874 ambitum
455 834 732 874 accresceret.
783 829 995 884 Namque,
1028 833 1074 871 ut
1100 828 1181 872 hoc
1200 828 1468 884 potissimum
1500 832 1609 882 utar,

34 904 326 960 Pergamenos
366 905 515 947 titulos
555 905 678 960 regni
725 907 871 948 aetate
915 908 1116 947 exaratos
1152 903 1378 947 Frankelii
1417 902 1611 947 collectio

33 977 166 1022 habet
194 977 402 1022 ducentos
422 978 746 1034 quinquaginta,
777 991 831 1022 ex
852 977 1009 1033 quibus
1030 991 1114 1022 non
1133 978 1281 1035 recepi
1310 978 1395 1021 nisi
1416 978 1611 1032 quintam

35 1057 213 1109 partem.
268 1052 383 1097 Sane
426 1066 514 1096 non
557 1053 718 1108 ubique
762 1053 914 1097 eadem
953 1053 1119 1097 obtinet
1160 1066 1432 1097 numerorum
1478 1053 1609 1104 ratio;

85 1126 114 1171 d
143 1127 276 1172 etiam
303 1127 349 1171 in
370 1127 552 1171 aliarum
573 1128 811 1184 regionum,
842 1128 1075 1184 praecipue
1095 1127 1297 1184 Aegypti,
1329 1127 1611 1170 monumentis

35 1275 147 1320 liber
175 1282 436 1322 oneraretur.

152 1402 403 1446 Scribebam
432 1403 558 1447 Halis
587 1403 804 1447 Saxonum
991 1435 1014 1441 u

107 1490 257 1522 mense
286 1477 400 1521 Maio
430 1478 532 1521 anni
562 1477 843 1522 MDCCCCV.

940 1605 1004 1647 W.
1038 1604 1494 1648 DITTENBERGER.

37 1200 189 1246 scdulo
218 1201 458 1246 cavendum
489 1207 583 1247 erat
618 1215 673 1246 ne
711 1203 846 1246 nimia
874 1203 1093 1246 titulorum
1133 1202 1224 1245 sere
1253 1202 1466 1246 inutilium
1499 1201 1612 1245 mole
1697 1227 1701 1230 -
