1858 3126
555 123 646 156 vlu.
681 123 750 156 Ros
773 126 811 156 et
834 123 946 156 verba
970 123 1196 156 notabssiora.

2 205 10 222 S

2 247 10 301 f:
86 259 274 308 ὑπεραίρω·
297 259 359 295 σὺν
380 260 425 308 τῇ
442 259 580 306 στρατιᾷ
594 258 768 305 ὑπεράρας
783 258 842 293 τὸν

2 325 10 365 ᾖ
133 315 363 364 Καταράιτην
385 317 466 361 654,
484 325 502 350 5

3 366 21 407 -Ῐ
88 373 322 423 ὑπερασπίζω·
344 372 591 422 προθυμότατα
613 371 842 418 ὑπερησπικέ-

4 450 8 461 1
130 443 189 467 ναι
209 431 292 475 ul,
310 437 352 465 78

86 486 307 536 ὑπερβάλλω·
340 483 422 523 καθ’
437 487 475 522 ὃν
497 487 617 533 καιρὸν
643 486 661 521 ὁ
686 485 843 532 βασιλεὺς

16 551 18 554 ·
110 542 302 584 ,Σέλευκος
323 543 533 590 ὑπερέβαλεν
558 543 606 583 εἰς
629 544 692 590 τὴν
718 541 842 578 Σελευ-

129 602 211 638 κίδα
233 602 314 646 229,
333 609 364 638 1.
401 603 462 635 νῦν
484 612 523 635 τε
546 599 843 647 ὑπερβεβληκότος

130 662 191 695 τοῦ
199 657 426 705 βασιλέωςείς
432 659 496 704 τὴν
506 655 693 692 Σελευκίδα
705 657 841 700 229,12.

131 714 715 762 bnepfldbmlmssdoeewffl4‚15.
740 713 841 758 ὑπερ-

131 771 301 819 βαλοῦσαν
317 771 504 808 έπιδόσεσιν
529 773 671 816 544‚2s.
696 772 775 815 545,
787 778 839 806 10.

130 831 218 866 ὥστε
244 829 327 869 τοὺς
354 825 414 864 ἀπ’
434 829 559 867 αἰῶνος
588 827 841 876 ὑπερβαλέσθαι

130 889 209 932 542,
228 894 267 923 ιι

18 947 24 954 ²
84 944 273 994 ὑπερβολή·
287 938 691 991 ὄρθῶςκαθ’ὑπερβολήν
704 943 801 985 315,1
810 950 839 975 5.

9 1009 22 1045 ᾗ
128 997 214 1038 καθ’
229 999 424 1047 ὑπερβολὴν
449 998 642 1046 φιλοδοξίας
664 999 744 1041 472,
763 1007 779 1032 8

10 1050 18 1082 ?
86 1058 357 1105 ὑπερθαυμάζω·
390 1057 455 1102 τὴν
491 1057 530 1091 δὲ
562 1058 624 1090 τοῦ
659 1053 840 1100 Μέμνονος

131 1115 292 1163 (σύριγγα)
329 1114 458 1160 ταίνιην
501 1112 702 1159 είστορήσας
742 1111 841 1159 ὑπερ-

129 1171 311 1218 εθαὺμασα
332 1171 412 1215 694,
432 1179 450 1206 8

11 1234 14 1238 ’
82 1229 280 1276 ὑπεροράω·
304 1228 370 1264 οὑκ
392 1227 490 1275 ὀλίγα
514 1227 552 1262 δὲ
574 1226 634 1261 καὶ
652 1231 721 1260 τῶν
737 1236 840 1271 προσ-

129 1286 219 1322 όδων
244 1284 459 1333 ὑπεριδόντες
483 1285 671 1328 56,1e.1·1

18 1378 22 1380 ,
83 1343 255 1392 ὑπεροχή·
290 1341 392 1382 ἀξίως
421 1340 531 1388 τύχης
563 1339 652 1386 ἐμῆς
681 1339 740 1373 καὶ
769 1338 840 1373 δαι-

130 1400 244 1446 μόνων
261 1398 435 1447 ὑπεροχῆς
450 1399 528 1442 383,
540 1406 593 1432 75.
631 1395 751 1431 θεῶν
740 1408 840 1441 υπερ-

129 1458 218 1505 οχὴν
240 1457 300 1492 καὶ
321 1456 447 1503 κράτος
470 1457 550 1499 456,
570 1463 611 1490 38

9 1525 16 1530 ’
84 1513 284 1561 ὑπέρτερος
307 1512 500 1548 ἀντιπάλων
526 1510 710 1559 ὑπερτέρου
734 1511 790 1554 90,
808 1517 826 1544 2

10 1584 20 1608 ¹.
82 1570 308 1618 ὑπερτίθημι·
345 1567 530 1615 ὑπερέθετο
555 1568 674 1603 ἑαυτὸν
704 1571 779 1606 ταῖς
801 1579 839 1601 τε

129 1628 296 1666 δαπάναις
333 1627 391 1661 καὶ
428 1626 471 1673 τῇ
516 1625 624 1673 λοιπῇ
662 1624 840 1671 φιλοδοξία

17 1704 29 1729 χ
129 1685 208 1729 339,
227 1693 268 1720 οι

24 1768 26 1770 -
83 1741 287 1789 ὑπερφὺεια·
311 1741 355 1789 τῇ
378 1745 447 1774 τῶν
462 1738 662 1785 πυραμίδων
685 1737 840 1783 μεγαλει-

26 1839 29 1846 .,
130 1799 229 1844 όαητι
250 1797 310 1832 καὶ
324 1795 514 1844 ὑπερφυείᾳ
527 1794 686 1841 τερφθείς
708 1795 838 1837 666,26

35 1864 37 1866 ’
83 1855 239 1903 ὑπερῷον
263 1853 396 1900 οἴκημα
417 1853 497 1896 483,
517 1859 580 1886 110

28 1910 34 1916 ’
82 1912 224 1960 ὑπέχω·
247 1910 301 1947 ὄτι
323 1909 455 1956 ἕτοιμοί
477 1909 548 1943 ἐστι
571 1909 668 1943 δίκαν
693 1908 840 1943 ὑποσκέ-

42 1998 43 2002 ,
221 1969 257 2012 8,-
274 1975 328 2003 39.
344 1974 388 2002 40

28 2044 30 2048 v
85 1967 256 2071 bat-22:05·
281 2023 452 2071 βασιλείαν
476 2023 575 2069 ἐμοῖς
589 2022 744 2069 ὑπήκοον
760 2022 840 2068 θρό-

31 2100 35 2127 3
129 2095 200 2122 νοις
223 2082 303 2125 383,
321 2087 363 2115 25

37 2155 42 2168 2
84 2138 251 2185 ὑπηρεσία
275 2139 353 2181 139,
372 2146 389 2172 8

86 2195 281 2243 ὑπηρετέω·
309 2195 354 2229 τὰ
384 2194 422 2228 δὲ
451 2194 662 2239 ἀναλώματα
682 2213 730 2219 -
752 2194 841 2240 ὑπη-

131 2255 239 2298 ρετεῖν
261 2250 341 2289 τοὺς
370 2251 574 2296 οἰκονόμους
602 2252 681 2295 215,
701 2259 753 2285 17.
801 2251 840 2285 τὸ

131 2309 170 2344 δὲ
194 2326 239 2334 —-
263 2306 431 2352 ἀνάλωμα
454 2307 663 2354 ὑπηρετῆσαι
682 2308 740 2342 τὸν
756 2319 840 2341 νεω-

130 2365 231 2411 ποίην
262 2365 340 2407 215,
358 2371 412 2398 34.
461 2364 500 2398 τὸ
535 2363 573 2398 δὲ
603 2363 771 2410 ἀνάλωμα
800 2364 839 2398 τὸ

133 2423 182 2461 εἰς
205 2422 268 2468 τὴν
293 2420 421 2467 στήλην
445 2439 492 2445 -
514 2421 572 2454 καὶ
603 2420 666 2465 τὴν
695 2419 839 2467 ἀναγρα-

132 2479 200 2525 φὴν
223 2481 284 2513 τοῦ
301 2477 519 2524 ψηφίσματος
535 2476 783 2522 ὑπηρετησάτω
799 2477 839 2510 ἐκ

130 2540 199 2570 τῶν
225 2535 323 2582 ἱερῶν
352 2533 540 2582 χρημάτων
575 2532 594 2566 ὁ
629 2532 751 2577 ταμίας

133 2618 141 2627 .
154 2618 164 2627 .
177 2592 284 2638 μένης
308 2593 385 2635 765,
399 2598 453 2625 49.
495 2589 767 2635 ὑπηρετήσαντες
780 2590 838 2624 τὸν

131 2649 260 2684 ἑαυτῶν
277 2648 400 2696 χρόνον
421 2648 541 2690 619,6.
582 2645 840 2693 ὑπηρετήσαντα

131 2707 210 2750 640,
220 2713 251 2740 6.
268 2705 429 2750 εὐθύμως
441 2703 619 2750 ὑπηρετεῖν
631 2704 676 2750 τῇ
687 2714 724 2736 τε
736 2701 839 2748 εὐθη-

130 2762 185 2808 νίᾳ
206 2763 265 2797 καὶ
288 2763 331 2810 τῇ
354 2780 402 2787 -
424 2759 621 2805 εὐδαιμονίᾳ
645 2760 724 2802 669,
742 2766 760 2792 4

43 2820 54 2823 ’
85 2817 506 2865 ὑπηρέτηςχρηματιστῶν
516 2817 648 2860 106,15.
667 2815 839 2861 ὑπηρέτης

22 2872 54 2900 *a
134 2877 205 2921 (τῆς
230 2874 370 2909 συνόδου
393 2880 462 2909 τῶν
482 2875 654 2922 τεχνιτῶν)
681 2873 758 2916 352,
773 2880 814 2907 35

1584 123 1668 165 717

913 258 1115 304 ὑπηρετικόν
1139 259 1217 302 748,
1236 265 1277 293 22

914 314 1037 354 ὑπνος·
1066 315 1162 361 ἁγίου
1188 314 1361 362 Γεωργίου
1387 334 1432 341 -
1453 319 1515 350 τοῦ
1548 316 1670 362 φανέν-

958 384 1017 411 τος
1034 372 1127 419 αὑτῷ
1143 371 1283 419 Ἰωάννῃ
1301 372 1340 407 οὑ
1357 372 1437 409 καθ’
1450 372 1567 418 ὕπνον,
1578 373 1669 409 ἀλλὰ

960 434 1113 476 φανερῶς
1137 430 1217 473 610,
1237 436 1254 463 9

913 485 1120 532 ὑποβάλλω·
1145 487 1246 535 ποινῆ
1272 486 1527 532 ὑποβάλλεσθαι
1551 488 1630 532 521,
1649 495 1666 522 3

912 541 1197 590 ὑπογραμματεὺς
1205 543 1343 579 Λυκίων
1354 548 1415 579 τοῦ
1426 548 1544 580 κοινοῦ
1559 546 1637 588 571,
1649 552 1665 578 7

914 597 1121 647 ὑπογράφω·
1173 600 1394 648 ὑπογέγραφα
1431 602 1495 647 τὴν
1533 602 1667 648 γραφήν

958 657 1100 700 214,27.
1136 656 1295 693 δεδόσθαι
1310 658 1479 693 πολιτείαν
1494 661 1568 696 τοῖς
1585 657 1669 692 ὑπο-

956 714 1203 760 γεγραμμένοις
1219 716 1298 759 338,
1311 723 1324 749 ι
1333 723 1362 750 1.
1397 715 1442 750 τὰ
1455 714 1669 762 ὑπογεγραμ-

959 770 1046 815 μένα
1068 772 1147 814 453,
1166 779 1208 806 46

912 825 1088 874 ὑπόγυιον
1135 827 1170 868 ἐξ
1218 827 1367 875 ὑπογύου
1414 828 1504 867 τινὸς
1539 828 1666 876 χρόνου

960 886 1013 928 13,
1033 892 1062 919 ο.
1082 893 1098 919 '1

912 940 1118 987 ὑπόδειγμα·
1157 942 1263 977 καλὸν
1295 941 1484 989 ὑπόδειγμα
1517 941 1668 988 μιμήσα-

958 997 1039 1033 σθαι
1062 999 1140 1042 383,
1160 1005 1223 1034 218

913 1053 1143 1101 ὑποδέχομαι·
1169 1054 1420 1101 ὑποδεξάμενον
1436 1054 1580 1101 Μᾶρκον
1597 1054 1667 1091 Αὑ-

957 1110 1077 1158 ρήλιον
1101 1109 1312 1147 Ἀντωνεῖνον
1338 1112 1479 1158 βασιλέα
1503 1113 1581 1155 516,
1601 1120 1617 1145 7

913 1166 1086 1215 ὑποδοχή·
1102 1173 1166 1215 τῆς
1181 1168 1359 1218 ὑποδοχῆς
1376 1167 1666 1214 ἐπιμελείσθωσαν

957 1225 1036 1269 332,
1054 1233 1107 1260 20.
1154 1226 1314 1273 λαμπρὰν
1344 1226 1575 1271 ποιησάμενος
1602 1226 1667 1272 τὴν

937 1280 1134 1329 -ὑκοδοχὴν
1168 1283 1228 1318 καὶ
1262 1282 1356 1324 ἀξίαν
1386 1287 1455 1317 τῶν
1487 1283 1577 1318 θεῶν
1607 1282 1667 1318 καὶ

955 1342 1016 1373 τοῦ
1041 1339 1153 1385 δήμου
1178 1341 1257 1384 339,
1275 1347 1316 1375 86

910 1394 1072 1434 ὑπόθεσις
1089 1395 1229 1440 petitio,
1253 1396 1423 1441 querella:
1450 1396 1508 1431 ἐὰν
1534 1396 1596 1440 μέν
1614 1409 1665 1435 τις

956 1458 1024 1487 τῶν
1066 1453 1101 1488 ἐν
1141 1452 1214 1498 ἰδίῳ
1253 1452 1344 1500 λόγῳ
1377 1454 1579 1501 κατηγόρων
1617 1455 1666 1493 ὧς

957 1509 1061 1557 ἑτέρῳ
1110 1514 1305 1556 συνηγορῶν
1346 1509 1465 1557 εἰσάγῃ
1505 1509 1665 1545 ὑπόθεσιν

957 1567 1035 1610 669,
1054 1574 1108 1601 41.
1155 1567 1214 1601 καὶ
1244 1569 1303 1600 νῦν
1328 1566 1367 1601 δὲ
1395 1566 1431 1601 έν
1459 1567 1503 1614 τῇ
1527 1565 1665 1613 Λιβῦων

957 1623 1105 1668 μάλιστα
1122 1623 1228 1670 ἔγνων
1244 1622 1408 1658 ὑποθέσει
1424 1624 1565 1667 665,18.
1606 1624 1664 1658 ἐὰν

957 1681 994 1714 δὲ
1032 1679 1105 1725 ἰδίῳ
1144 1680 1289 1724 ὀνόματι
1326 1682 1536 1726 κατενεγκὼν
1575 1684 1667 1722 τρεῖς

957 1737 1137 1776 ὑποθέσεις
1154 1738 1203 1783 μὴ
1220 1736 1383 1784 ἀποδείξῃ
1407 1737 1551 1780 669,42.
1574 1732 1665 1782 ’περὶ

956 1794 995 1829 δὲ
1017 1800 1085 1829 τῶν
1101 1793 1332 1842 ἀρχαιοτέρων
1349 1792 1545 1828 ὑποθέσεων
1559 1792 1666 1828 ἐνκει·

956 1851 1068 1897 μένων
1092 1851 1189 1896 ὑμῶν
1214 1853 1292 1896 669,
1312 1857 1353 1885 62

909 1907 1088 1954 ὑποθήκη·
1122 1908 1181 1943 ἐὰν
1207 1908 1245 1942 δέ
1267 1919 1320 1945 τις
1341 1927 1388 1932 -
1410 1906 1545 1955 δανείσῃ
1569 1907 1667 1952 νομί-

958 1978 1031 2010 μως
1055 1964 1171 2010 λαβὼν
1188 1963 1370 2010 ὑποθήκην
1395 1964 1474 2007 669,
1486 1970 1540 1998 24.
1581 1963 1664 1998 ὑπο-

956 2021 1069 2067 θήκας
1092 2020 1271 2068 ἐπείρασαν
1300 2020 1491 2068 ἀφελέσθαι
1511 2020 1665 2067 νομίμως

955 2078 1128 2126 γεγονυίας
1152 2079 1231 2122 669,
1250 2085 1290 2112 19

910 2135 1109 2180 ὑπόκειμαι·
1142 2134 1356 2170 ὑποκείσεται
1377 2135 1430 2181 τῷ
1450 2146 1665 2181 προγεγραμ·

957 2192 1049 2238 μένῳ
1088 2191 1281 2239 προστείμῳ
1322 2193 1400 2235 572,
1429 2199 1483 2226 46.
1538 2191 1663 2237 πόρους

957 2247 1159 2284 ὑποκεῖσθαι
1175 2248 1289 2286 αὐτοῖς
1302 2251 1385 2291 (τοῖς
1396 2248 1663 2293 προδανεισταῖς)

956 2307 1011 2349 46,
1027 2313 1056 2340 9.
1078 2314 1129 2340 1ο.
1169 2306 1231 2351 τὴν
1250 2303 1478 2350 ὑποκειμένην
1496 2303 1662 2348 (solitam,

956 2362 1197 2403 constitutam)
1223 2361 1374 2402 σύνταξιν
1392 2360 1573 2405 διδομένην
1588 2373 1654 2394 κατ

956 2419 1033 2458 ἔτος
1059 2420 1134 2462 168,
1153 2425 1206 2452 21.
1258 2417 1482 2463 ὑποκείμενον
1512 2418 1591 2460 665,
1608 2423 1662 2451 26.

955 2476 1163 2520 ὑποκείμενα
1186 2477 1264 2518 665,
1284 2482 1337 2510 19.
1377 2474 1557 2519 ἐπιστολῆς
1573 2473 1663 2508 ἀντί-

955 2545 1084 2579 γραφον
1109 2532 1286 2567 ὑπόκειται
1311 2533 1388 2575 168,
1407 2539 1445 2566 51

910 2589 1092 2635 ὑπολήνιος
1101 2600 1109 2608 ·
1122 2594 1293 2635 κρατῆρας
1302 2587 1506 2632 ὑποληνὶους
1516 2588 1612 2629 383,1
1619 2594 1635 2620 4
1644 2594 1660 2619 7

910 2645 1173 2692 ὑπολογίζομαι·
1199 2646 1249 2690 μὴ
1272 2642 1528 2689 ὑπολογιζὲσθω
1552 2642 1600 2681 εἰς
1622 2642 1662 2677 τὸ

956 2703 1101 2748 ὀψώνιον
1126 2702 1203 2744 266,
1224 2708 1276 2734 14.
1317 2698 1395 2734 οὔτε
1419 2700 1482 2744 τὴν
1506 2698 1663 2734 ἀπαντω-

957 2758 1062 2804 μένην
1096 2754 1316 2803 καταφθορὰν
1351 2761 1419 2789 τῶν
1456 2755 1550 2789 ἰδίων
1589 2759 1662 2794 τοῖς

955 2814 1040 2860 ὑπὲρ
1063 2817 1126 2859 τῆς
1153 2813 1288 2850 πόλεως
1311 2811 1549 2859 πρεσβεύουσιν
1581 2810 1663 2846 ὑπο·

954 2870 1171 2918 λογιζόμενος
1197 2871 1274 2914 339,
1293 2877 1310 2904 6
