1858 3126
200 132 285 172 714

247 266 445 313 ἀναγραφὴν
467 266 616 313 τέλεσμα
641 267 825 303 διδότωσαν
850 268 883 304 οἱ
900 281 959 303 τοι·

248 323 323 368 μίαι
346 325 426 368 441,
446 331 521 359 137.
560 324 750 371 τελέσματοι
775 325 886 360 σιτικὰ
901 326 960 360 καὶ

246 380 412 428 ἀργυρικά
437 382 516 426 669,
533 389 573 415 47

199 437 388 473 τελεστικόν
414 440 470 483 90,
491 446 530 473 16

199 494 318 541 τελετή
342 496 423 540 764,
441 503 458 530 8

199 552 382 597 τελευταία»,
405 553 548 600 τελευτή
567 553 715 599 passim

198 609 304 644 τελέω
323 610 480 655 passim.
520 611 563 645 τὰ
588 614 637 657 μὴ
656 611 817 660 πρότερον
840 611 958 648 τελού-

247 679 332 712 μενα
356 669 433 711 669,
452 676 494 702 49

199 724 362 765 τελιάζω·
386 725 444 760 καὶ
467 725 527 765 τὰς
551 725 674 765 λοιπὰς
691 726 729 761 δὲ
745 726 958 773 φιλοτειμίας

244 782 443 818 τελιάσαντα
497 783 607 830 ἁγνῶς
659 784 717 818 καὶ
770 783 958 829 ἀμέμπτως

247 840 325 883 485,
347 848 385 874 13

199 895 364 931 τελίσκω·
398 897 441 931 τὰ
475 896 700 942 τελισκόμενα
734 898 781 937 εἰς
812 898 855 933 τὰ
889 898 960 933 ’ίδια

248 953 320 1001 ἱεροί
344 955 399 999 90,
419 961 459 989 32

198 1010 295 1049 τέλος
312 1011 477 1057 vectigal:
502 1013 581 1056 441,
603 1020 678 1048 106.
702 1013 782 1056 484,
801 1019 854 1047 61.
879 1013 958 1057 629,

250 1074 302 1102 12.
335 1076 386 1104 16.
418 1077 494 1105 153.
526 1077 601 1105 158.
633 1077 710 1104 164.
742 1076 816 1104 172.
876 1069 958 1115 τέλη

246 1126 324 1169 266,
345 1133 375 1160 9.
402 1127 537 1170 669,12
811 1138 815 1143 ·

199 1182 362 1218 τελωνεία
387 1185 464 1227 669,
487 1191 538 1218 12.
580 1183 757 1218 τελωνεῖαι
781 1185 860 1228 669,
881 1192 919 1218 10

199 1239 374 1274 τελωνέω·
406 1241 462 1275 τὸν
490 1240 707 1275 τελωνοῦντα
730 1242 808 1285 629,
828 1250 858 1276 8.
903 1241 960 1276 ἵνα

248 1298 296 1343 μὴ
317 1297 484 1345 συμβαίνῃ
501 1301 574 1336 τοῖς
594 1299 743 1344 ὠνηταῖς
762 1296 820 1333 ὑπ’
848 1299 959 1334 αὐτῶν

244 1354 467 1391 τελωνεῖσθαι
490 1356 569 1399 484,
592 1363 642 1390 15.
683 1355 960 1402 τελωνουμένους

248 1412 405 1458 σκληρῶς
431 1414 485 1456 55,
505 1419 546 1447 22

199 1468 350 1516 τελώνης
384 1471 462 1513 629,
491 1477 565 1505 132.
597 1478 672 1505 157.
697 1479 772 1505 171.
816 1470 960 1505 τελῶναι

246 1527 325 1570 484,
346 1535 398 1562 58.
424 1528 503 1570 629,
523 1535 574 1562 10.
601 1529 679 1570 669,
700 1535 739 1562 13

198 1583 382 1622 τελωνικὸς
405 1584 511 1628 νόμος
537 1585 615 1627 629,
636 1593 652 1619 7

198 1640 378 1674 τελώνιον·
416 1643 491 1680 τοῖς
531 1641 587 1676 ἐπὶ
625 1642 664 1676 τὸ
703 1641 863 1677 τελώνιον
898 1647 960 1690 τῆς

247 1696 409 1745 ἰχθυϊκῆς
448 1698 784 1745 πραγματευομένοις
819 1700 898 1744 496,
929 1709 958 1735 9.

247 1755 284 1788 τὸ
331 1754 493 1790 τελώνιον
532 1756 591 1790 καὶ
629 1756 687 1790 σὺν
729 1756 819 1804 αὐτῷ
859 1758 959 1792 στοάν

246 1812 324 1854 525,
346 1820 385 1847 10

200 1868 339 1913 τέμενος
357 1870 957 1915 28,4.52,2.60,4.9l,5.117‚20.

247 1926 322 1969 118,
335 1932 388 1961 23.
407 1927 486 1971 222,
505 1934 557 1962 22.
571 1934 623 1962 42.
648 1928 726 1972 326,
743 1935 794 1963 30.
813 1927 958 1972 332,16.

247 1984 390 2027 352‚25.
416 1985 495 2028 441,
512 1992 565 2019 57.
589 1986 668 2028 455,
682 1991 799 2020 10.12.
816 1985 958 2028 458,64.

246 2041 323 2082 763,
345 2048 397 2074 59.
417 2048 469 2074 63.
517 2042 643 2087 τεμένη
669 2043 724 2085 65,
745 2050 775 2075 9.
808 2043 886 2085 244,
905 2048 958 2075 23.

247 2097 324 2140 383,
345 2104 397 2130 ³17.
424 2098 501 2140 765,
523 2105 561 2132 10

197 2153 384 2199 τέρπομαι·
407 2154 452 2200 τῇ
474 2159 541 2187 τῶν
567 2154 765 2201 πυραμίδων
784 2154 958 2200 μεγαλειό-

244 2222 320 2256 τητι
343 2210 402 2244 καὶ
427 2209 615 2257 ὑπερφυείᾳ
637 2210 792 2258 τερφθείς
822 2213 900 2255 666,
915 2218 956 2246 26

197 2267 312 2313 τέρψις
337 2266 509 2314 ἀμίμητος
534 2268 612 2312 383,
633 2275 685 2303 10.
709 2269 788 2312 404,
810 2276 849 2303 15

198 2324 427 2371 τετράγωνον·
460 2324 594 2371 ἁμάξης
619 2324 766 2372 ἐχούσης
789 2325 956 2371 τετράγω-

244 2393 302 2414 νον
328 2382 407 2425 674,
426 2388 479 2416 28.
519 2381 575 2416 ἐπὶ
597 2386 658 2416 τοῦ
682 2382 757 2429 περὶ
780 2382 841 2420 τὰς
867 2381 956 2427 βασι-

244 2437 338 2475 λείας
361 2439 573 2484 τετραγώνου
599 2440 653 2482 90,
673 2447 713 2473 45

198 2493 412 2540 τετραετηρίς
438 2496 515 2539 509,
534 2502 575 2529 22

197 2551 406 2597 τετράμηνος
438 2553 516 2595 266,
537 2559 589 2586 13.
620 2553 699 2596 485,
719 2560 748 2586 5.
769 2560 798 2587 8.
828 2552 905 2594 524,
926 2559 954 2585 6.

246 2609 324 2653 665,
345 2617 383 2644 34

198 2666 388 2712 τετράποδα
412 2666 490 2710 262,
510 2672 550 2700 23

198 2722 405 2768 τετράπυλον
432 2723 511 2767 722,
529 2731 561 2758 6.
581 2730 618 2758 11

198 2780 387 2827 τετράρχης
410 2781 490 2823 416,
510 2787 541 2814 3.
564 2781 644 2824 417,
663 2787 694 2815 4.
719 2779 796 2823 606,
816 2786 846 2812 4.
887 2776 957 2812 Γα-

244 2837 355 2872 λατῶν
390 2835 558 2884 Τρόκμων
594 2836 783 2885 τετράρχην
820 2835 898 2879 349,
926 2842 955 2868 3.

244 2894 423 2942 τετράρχαι
448 2894 525 2938 543,
545 2901 575 2928 3.
600 2895 681 2938 544,
697 2902 713 2928 5

917 131 1067 166 Indices.

1028 269 1238 315 τετρώβολον
1263 271 1342 314 674,
1362 276 1402 305 32

1027 326 1200 374 τεχνάζων
1241 327 1319 371 218,
1356 334 1430 362 114.
1484 328 1541 362 τὸν
1580 319 1787 378 τεχνάζοντα
1848 337 1858 375 g

1075 383 1155 427 218,
1176 390 1238 418 115

1027 440 1235 488 τεχνάομαι-·
1264 442 1312 480 ὠς
1333 441 1457 490 τέχναν
1479 442 1679 490 τεχναμένω
1704 443 1736 487 2,
1756 449 1786 479 2.
1854 461 1858 496 3

1078 506 1131 532 10.
1153 505 1190 532 11
1844 497 1858 534 ἐξ

1027 554 1151 602 τέχνη·
1185 554 1240 589 ἐπὶ
1268 554 1391 604 τέχναν
1414 557 1494 600 345,
1513 564 1567 592 20.
1587 564 1641 592 21.
1659 564 1712 592 22.
1732 563 1787 592 24.
1847 564 1858 594 3

1075 611 1314 658 διδασκόμενοι
1343 613 1404 653 τὰς
1437 613 1539 652 αὐτὰς
1561 614 1684 662 τέχνας
1709 615 1787 659 383,

1079 676 1153 704 165.
1195 670 1435 717 ν.τεχνάομαι

1027 725 1230 773 τεχνίτευμα
1255 728 1310 771 51,
1334 736 1372 762 11

1028 782 1201 831 τεχνίτης·
1234 784 1267 819 οἱ
1299 784 1366 819 ἀπὸ
1395 789 1458 831 τῆς
1485 782 1592 824 Ἀσίας
1620 789 1788 833 τεχνεῖται

1075 841 1155 885 472,
1176 848 1205 875 1.
1254 841 1287 875 οἱ
1310 841 1386 888 περὶ
1406 842 1465 876 τὸν
1489 841 1654 877 Διόνυσον
1677 846 1789 890 τεχνῖ-

1074 910 1130 932 ται
1153 908 1187 932 v.
1206 899 1279 933 ind.
1291 900 1338 931 111
1362 909 1390 933 s.
1408 909 1444 933 v.
1463 897 1636 938 Διόνυσος.
1677 899 1733 934 ἐπὶ
1750 900 1789 934 δὲ

1077 954 1193 1001 ἱερέως
1207 961 1274 990 τῶν
1290 960 1452 1004 τεχνιτων
1478 956 1557 1000 325,
1575 963 1606 991 2.
1623 975 1668 984 -
1685 955 1792 1003 ἔπαρ-
1851 982 1856 986 -

1074 1023 1138 1058 χος
1183 1018 1363 1059 τεχνειτῶν
1397 1011 1603 1058 praefectus
1640 1012 1789 1058 fabrum
1835 1056 1838 1057 .

1075 1069 1154 1113 489,
1175 1077 1205 1103 5.
1235 1069 1312 1113 567,
1332 1075 1373 1104 26

1030 1125 1159 1173 τηρέω·
1185 1124 1315 1166 ἀξιοῦσι
1337 1126 1397 1161 καὶ
1419 1129 1477 1161 νῦν
1502 1126 1535 1163 οἱ
1558 1126 1594 1162 ἐν
1611 1125 1792 1167 Ποτιόλοις
1843 1122 1845 1126 ’

1077 1183 1308 1229 στατιωνοίριοι
1340 1183 1426 1219 αὐτὰ
1455 1187 1561 1219 ταῦτα
1589 1183 1707 1224 αὺτοῖς
1728 1197 1800 1231 τη--γ
1834 1221 1839 1223 ,

1077 1239 1209 1287 ρεῖσθαι
1235 1241 1312 1285 595,
1332 1247 1385 1276 34.
1433 1241 1649 1288 τηρουμένης
1673 1241 1791 1280 αὐτοῖς
1843 1275 1846 1277 ,

1074 1301 1137 1343 τῆς
1154 1296 1306 1336 ἀτελείας
1317 1297 1376 1333 καὶ
1386 1297 1628 1346 κουφοτελείοις
1645 1299 1723 1344 669,
1734 1305 1790 1333 29.
1829 1305 1833 1314 ²

1034 1379 1037 1381 -
1076 1359 1144 1389 τῶν
1177 1354 1214 1389 δὲ
1245 1354 1331 1390 νέων
1361 1355 1553 1401 τηρούντων
1589 1356 1628 1390 τὸ
1660 1355 1790 1404 πρέπον

1078 1413 1156 1455 764,
1176 1419 1215 1445 35
1834 1412 1837 1419 '

1030 1469 1143 1514 τιμάω
1162 1468 1308 1514 passim

1030 1526 1112 1571 τιμή
1131 1525 1278 1570 passim

1030 1582 1176 1629 τιμητής
1194 1584 1347 1626 .(eensor)
1373 1584 1452 1627 379,
1470 1591 1501 1618 6.
1526 1584 1605 1627 440,
1626 1590 1644 1618 4
1826 1589 1845 1634 ᾖ,

1029 1639 1224 1686 τιμητικός·
1239 1641 1303 1686 τὴν
1319 1639 1438 1686 πρᾶξιν
1454 1640 1683 1686 ποιησάμενον
1697 1640 1791 1675 ἐπει·
1825 1636 1842 1688 [³

1075 1704 1148 1736 κῶς
1171 1698 1229 1732 καὶ
1251 1700 1452 1743 τειμητικᾶς
1476 1698 1554 1741 565,
1573 1705 1614 1733 2ο
1842 1695 1846 1700 ”

1029 1755 1160 1801 τίμιος·
1199 1755 1242 1789 τὰ
1273 1753 1367 1800 τίμια
1400 1759 1468 1788 τῶν
1502 1754 1600 1799 ἱερῶν
1631 1755 1691 1790 καὶ
1724 1757 1788 1801 τῆς

1077 1811 1252 1859 Αἰγύπτου
1282 1811 1524 1858 διατετήρηκεν
1561 1813 1616 1856 90,
1647 1819 1700 1847 33.
1745 1811 1789 1846 τὰ

1075 1874 1144 1904 τῶν
1163 1870 1260 1916 ἱερῶν
1276 1870 1464 1914 τιμιώτατα
1479 1868 1661 1904 ἀνανεοῡτο
1674 1869 1788 1913 90,35.

1075 1930 1135 1962 τοῦ
1158 1926 1354 1961 καλλινίκου
1371 1925 1467 1972 ἁγίου
1490 1925 1660 1972 μάρτυρος
1677 1924 1788 1971 Γεωρ·

1075 1984 1147 2031 γίου
1171 1984 1210 2018 τὸ
1239 1982 1350 2029 τίμιον
1380 1982 1539 2028 λείψανον
1571 1983 1648 2026 610,
1668 1989 1702 2016 8.
1745 1981 1788 2016 τά
1827 2018 1832 2019 ⁷

1074 2053 1110 2075 τε
1162 2040 1256 2084 τίμια
1311 2038 1527 2085 φιλοφρόνως
1574 2037 1789 2086 ἀποδέχομαι

1077 2098 1155 2141 763,
1173 2104 1214 2131 4ο

1028 2156 1187 2200 τιμοῦχοι
1211 2151 1326 2199 Τηῖων
1351 2153 1487 2196 309,12
1830 2186 1834 2202 ÷

1027 2209 1261 2256 τιμωρέομαι·
1294 2209 1346 2244 ὅτι
1369 2209 1447 2248 τοὺς
1473 2208 1705 2256 ἐνδειχθέντας
1730 2220 1787 2243 συ·

1074 2267 1245 2314 κοφοίντας
1301 2267 1347 2306 ὡς
1396 2265 1466 2300 ἔδει
1518 2265 1786 2312 ἐτιμωρησάμην
1812 2284 1818 2291 --

1075 2326 1214 2368 669‚45
1812 2317 1843 2358 ,Α

1026 2381 1194 2427 τιμωρός·
1240 2380 1379 2428 χαλεπὴ
1418 2380 1552 2426 νέμεσις
1601 2378 1786 2425 βασιλικῶν
1810 2374 1825 2417 J

1075 2438 1246 2484 δαιμόνων
1270 2436 1418 2484 τιμωρός
1442 2437 1520 2481 383,
1541 2444 1603 2472 116
1824 2483 1830 2488 .

1030 2499 1149 2543 τοῖχος
1172 2495 1253 2539 483,
1273 2501 1348 2529 1⁰5.
1369 2499 1444 2529 127.
1464 2501 1539 2529 148.
1559 2501 1634 2528 151.
1680 2491 1716 2527 ἐν
1738 2490 1841 2539 τῷξ

1074 2551 1200 2599 ἀρχείῳ
1226 2551 1261 2586 ἐν
1284 2550 1335 2597 τῷ
1352 2549 1458 2598 τοίχῳ
1483 2550 1562 2594 228,
1582 2557 1634 2584 18.
1672 2552 1787 2597 τοῖχοι
1811 2551 1813 2553 ’

1072 2610 1151 2653 483,
1169 2615 1243 2644 102.
1260 2614 1335 2642 120.
1353 2614 1427 2643 136.
1446 2614 1520 2642 154.
1551 2606 1659 2641 κοινοὶ
1674 2609 1788 2654 τοῖχοι
1807 2614 1817 2654 3‘
1830 2609 1839 2619 ‘

1073 2666 1152 2709 483,
1176 2672 1254 2700 101.
1278 2670 1354 2698 112.
1384 2671 1459 2699 117.
1508 2663 1672 2709 ἐτέθησαν
1701 2656 1783 2707 παρ’
1795 2694 1803 2714 3

1074 2721 1219 2768 ἑκάτερα
1252 2726 1320 2756 τῶν
1354 2720 1480 2767 τοίχων
1512 2719 1640 2758 πλάκες
1675 2719 1787 2765 ἑπιγε-
1801 2725 1813 2732 ⁴

1073 2778 1266 2826 γραμμέναι
1289 2777 1529 2822 δεκατέσσαρες
1555 2776 1632 2820 672,
1650 2783 1687 2809 11
1809 2803 1829 2822 3¹

1026 2835 1127 2874 τόκος
1151 2837 1206 2879 46,
1227 2843 1278 2870 15.
1312 2835 1390 2876 509,
1411 2841 1463 2868 17.
1510 2833 1605 2867 τόκοι
1632 2833 1711 2876 444,
1731 2839 1783 2868 15.
1810 2838 1829 2870 ,’

1072 2892 1185 2930 τόκοις
1210 2891 1393 2928 ἐλάσσονας
1407 2884 1513 2936 ᾄτησε
1535 2894 1604 2936 τῶγ
1619 2900 1784 2924 κατεστα-
1802 2919 1817 2938 Ἣ.
