1858 3126
225 141 280 181 92
457 139 545 173 VIII.
583 140 731 183 Imperii
755 140 904 174 Romani
929 141 1141 183 provinciae
1165 142 1367 176 orientales.
1419 146 1448 177 4.
1472 142 1566 177 Asia.
1729 145 1807 188 [⁴83

225 278 448 320 Thierschii
484 292 639 333 suoque
682 280 743 320 ed.
783 282 845 320 W.
870 281 996 322 Kolbe
1032 281 1159 322 Mitth.
1204 282 1274 322 des
1313 282 1422 323 arch.
1460 283 1556 324 Inst.
1595 285 1638 323 in
1676 284 1808 325 Athen

224 349 367 391 XXVH
399 349 539 402 (⁴902)
570 362 610 402 p.
636 349 689 389 47
720 363 759 390 n.
785 349 852 391 7⁴.

282 482 310 509 α
338 486 531 516 ------,-ς
565 468 869 525 ἀστυνομῶν1
898 468 975 512 τὸν
1004 470 1254 527 βασιλικὸν
1284 472 1451 527 νόμον2
1477 472 1529 514 ἐκ
1557 474 1647 515 τῶν
1675 473 1806 515 ἰδίων

341 538 590 594 ἀνέθηκεν.

340 614 353 668 [
353 637 596 644 ----------
633 614 971 656 ἐτισκοπείτωσαν
1010 613 1078 656 καὶ
1118 615 1488 672 ἐπικρεινέτ]ω)[σαν
1499 618 1526 670 3,
1568 614 1663 658 καθ’
1696 617 1723 659 ἃ
1759 615 1807 659 ἄν

340 682 475 730 αὐτοῖς
506 683 714 740 φαίνηται]
745 682 898 726 δίκαιον
933 682 937 736 Ι
969 682 1099 739 [εἶναι.
1141 684 1211 726 καὶ
1242 681 1330 739 ἐὰν]
1362 682 1458 741 μηδ’
1483 685 1608 733 οὕτως
1634 686 1807 727 πείθων-

315 846 469 878 Litterae
493 847 636 880 ΙΘΠΣ.
684 846 738 878 Ab
770 846 896 879 eodem
924 846 1157 889 quadratario
1188 848 1324 881 incisus
1349 847 1495 880 videtur
1525 848 1653 881 titulus
1676 850 1807 883 ιι.481ι.

223 906 236 936 4
274 903 342 942 Qui
367 904 460 936 hanc
484 903 597 945 legem
618 904 727 946 lapidi
745 903 973 937 incidendam
991 905 1134 938 curavit
1151 906 1367 948 astynomus
1385 905 1701 949 Pergamenorum,
1722 914 1806 939 eum

221 961 362 994 Traiani
389 963 452 994 aut
468 961 635 994 Hadriani
662 963 778 994 aetate
803 962 840 995 in
858 963 1071 1004 magistratu
1089 963 1200 996 fuisse
1224 963 1341 996 editor
1358 963 1502 1005 collegit
1525 972 1571 996 ex
1592 963 1806 1006 litteratura,

194 1045 199 1048 .
222 1019 406 1052 simillima
429 1019 488 1052 illa
514 1019 662 1061 quidem
686 1019 782 1052 tituli
806 1019 993 1053 honorarii
1017 1020 1053 1053 C.
1071 1020 1167 1053 Antii
1192 1021 1231 1053 Α.
1257 1021 1336 1054 Iulii
1361 1020 1534 1060 Quadrati
1558 1030 1592 1054 n.
1611 1023 1688 1054 ⁴86.
1735 1021 1807 1054 Lex

221 1077 299 1119 ipsa
324 1077 462 1120 allquot
487 1077 640 1110 saeculis
665 1077 848 1119 antiquior
872 1079 936 1110 est.
1057 1081 1076 1110 2
1108 1078 1183 1111 Etsi
1208 1078 1267 1111 hic
1292 1078 1384 1121 lapis
1417 1078 1500 1120 (not.
1519 1079 1551 1120 4)
1581 1079 1808 1122 principatus

221 1137 386 1177 tempore
410 1135 608 1177 inscriptus
632 1136 697 1177 est,
729 1136 850 1167 tamen
875 1135 1003 1178 legem,
1037 1144 1129 1177 quae
1160 1136 1258 1178 regia
1283 1136 1537 1179 appellaretur,
1571 1145 1642 1169 non
1675 1136 1720 1169 ad
1744 1136 1807 1169 ali-

221 1202 328 1235 quem
355 1201 399 1226 ex
423 1192 707 1235 imperatoribus
724 1192 894 1226 Romanis
912 1193 1029 1225 redire
1046 1193 1291 1226 certissimum
1310 1193 1486 1227 iudicavit
1500 1193 1625 1227 Kolbe.
1665 1193 1806 1226 Etenim

220 1251 256 1283 in
282 1251 539 1283 constitutione
564 1251 798 1292 imperatoria
822 1251 909 1292 post
925 1259 1058 1283 annum
1082 1253 1100 1283 9
1122 1259 1152 1283 a.
1171 1250 1251 1284 Chr.
1269 1261 1303 1284 n.
1331 1251 1384 1292 (cf.
1409 1260 1443 1284 n.
1464 1250 1576 1293 45881)
1602 1251 1680 1284 sine
1695 1250 1806 1284 dubio

221 1308 383 1341 futurum
409 1308 520 1341 ruisse
553 1309 595 1341 ut
624 1309 688 1341 aut
719 1308 789 1350 ipsi
821 1307 903 1341 fasti
935 1308 1060 1341 Iuliani
1092 1310 1155 1341 aut
1186 1310 1283 1342 certe
1313 1308 1558 1342 calendarium
1583 1308 1807 1351 provinciale

220 1366 280 1398 illo
307 1375 400 1399 anno
426 1376 446 1398 a
471 1366 642 1399 Romanis
668 1366 704 1398 in
724 1365 807 1398 Asia
833 1366 1039 1399 institutum
1065 1366 1320 1409 respiceretur.
1360 1366 1426 1399 Hic
1450 1375 1537 1399 vero
1562 1375 1595 1399 v.
1614 1368 1680 1399 ⁴92
1705 1374 1807 1399 com-

219 1432 347 1466 parere
370 1424 568 1456 Pantheum
601 1431 763 1456 mensem
788 1422 967 1455 fastorum
998 1424 1230 1466 antiquorum
1258 1424 1574 1467 Pergamenorum.
1620 1423 1806 1457 Prioribus

219 1489 305 1514 vero
330 1481 483 1523 Augusti
509 1481 612 1513 annis
637 1481 761 1521 (30—9
787 1489 817 1513 a.
842 1480 934 1521 Chr.)
966 1481 1163 1522 quominus
1197 1481 1287 1514 haec
1316 1481 1514 1515 constituta
1544 1481 1806 1523 existimemus,

219 1538 299 1580 ipsa
323 1538 517 1580 appellatio
545 1535 715 1581 βασιλικὸς
738 1535 845 1581 νόμος
869 1537 1001 1571 obstat.
1043 1537 1183 1571 Etenim
1211 1536 1367 1582 βασιλεύς
1393 1540 1430 1571 et
1445 1546 1699 1581 quaecumque
1723 1537 1806 1571 inde

220 1595 445 1628 descendunt
477 1595 589 1628 multo
622 1595 823 1628 recentiore
849 1595 997 1628 demum
1022 1597 1139 1629 aetate
1163 1605 1184 1629 a
1201 1596 1346 1629 Graecis
1371 1596 1543 1639 usurpari
1567 1597 1697 1639 coepta
1721 1595 1806 1629 sunt

219 1653 264 1685 de
288 1652 572 1695 imperatoribus
590 1652 846 1686 Romanorum.
888 1652 994 1691 Quod
1018 1653 1192 1695 quoniam
1211 1653 1256 1686 ab
1274 1653 1395 1696 aliquo
1421 1662 1465 1686 ex
1483 1653 1642 1696 antiquis
1658 1652 1805 1695 regibus

219 1711 308 1744 haee
341 1710 386 1743 de
417 1712 696 1752 astynomorum
730 1709 857 1743 officiis
890 1710 948 1743 lex
979 1711 1107 1752 utique
1138 1710 1219 1744 data
1252 1711 1310 1753 sit,
1347 1719 1552 1744 sermonem
1585 1710 1733 1753 quidem
1768 1711 1806 1742 et

220 1768 527 1811 orthographiam,
560 1768 630 1800 nisi
660 1767 758 1810 quod
790 1768 879 1800 haec
910 1767 1064 1801 subinde
1097 1777 1118 1801 a
1142 1768 1375 1810 quadratario
1400 1767 1602 1811 paullulum
1631 1768 1804 1810 corrupta

218 1828 324 1869 esset,
350 1825 509 1868 perbene
533 1826 569 1858 in
594 1825 781 1858 saeculum
806 1834 836 1858 a.
861 1825 942 1858 Chr.
971 1825 1126 1858 alterum
1151 1825 1342 1869 quadrare,
1376 1825 1440 1859 sed
1463 1827 1588 1859 utrum
1614 1824 1766 1858 Eumeni
1790 1825 1805 1857 1

220 1884 412 1926 (497-459
438 1893 467 1916 a.
487 1883 567 1916 Chr.
585 1883 630 1924 n.)
657 1892 702 1916 an
725 1882 843 1916 Attalo
869 1883 898 1915 11
925 1883 1118 1924 (459-438
1143 1893 1173 1917 a.
1193 1883 1284 1925 Chr.)
1316 1891 1361 1916 an
1385 1882 1503 1916 Attalo
1528 1883 1575 1916 111
1599 1883 1624 1924 (4
1635 1884 1739 1915 38-4
1750 1880 1803 1922 83)

218 1941 274 1974 lex
299 1942 446 1983 accepta
472 1940 626 1974 ferretur
649 1941 686 1973 in
704 1940 823 1974 medio
848 1940 1126 1983 relinquendum
1151 1950 1240 1974 esse.
1360 1943 1378 1972 3
1410 1940 1556 1982 Singula
1573 1941 1692 1983 capita
1716 1939 1804 1982 legis

219 2008 238 2031 a
275 1998 377 2031 brevi
414 1999 617 2040 argumenti
652 1998 768 2031 indice
805 1999 970 2041 genetivo
1007 2007 1095 2032 casu
1131 1999 1316 2032 enuntiato
1353 1998 1532 2040 incipiunt
1568 1997 1613 2039 (v.
1638 2000 1679 2030 60
1709 1995 1804 2042 χούς.

221 2059 262 2088 76
289 2054 453 2101 πράξεως.
486 2058 550 2088 459
575 2060 723 2099 κρηνῶν.
759 2059 822 2088 490
851 2054 1017 2101 φρεάτων.
1049 2058 1114 2089 220
1141 2054 1369 2101 ἀφεὸρώνων),
1394 2057 1436 2088 ut
1459 2055 1545 2088 alibi
1569 2055 1607 2088 in
1631 2053 1803 2096 longiori·
1856 2052 1858 2054 ’

218 2112 288 2146 bus
313 2112 453 2154 legibus
478 2113 653 2145 usitatum
679 2115 750 2154 est;
789 2113 834 2146 cf.
860 2113 963 2155 Sy11.1
986 2116 1062 2156 653,
1087 2116 1125 2145 44
1156 2111 1371 2157 παραδόσιος.
1403 2115 1446 2144 43
1472 2110 1659 2157 στεφάνων.
1689 2114 1732 2144 45
1757 2110 1803 2144 εἱ-

219 2172 387 2214 ματισμοῦ
413 2171 492 2203 sim.
542 2171 581 2202 In
607 2170 726 2203 medio
752 2171 934 2204 eiusmodi
951 2171 1069 2213 capite
1093 2171 1280 2213 superstes
1305 2170 1394 2212 legis
1418 2178 1503 2213 pars
1527 2169 1672 2203 initium
1694 2169 1801 2211 capit,

218 2229 277 2261 cui
313 2227 402 2261 ὁδῶν
433 2228 698 2270 praescriptum
731 2227 841 2261 fuisse
875 2230 1129 2270 argu-mentum
1163 2237 1290 2261 eorum
1324 2236 1417 2270 quae
1450 2228 1605 2260 aetatem
1641 2226 1803 2259 tulerunt

217 2284 360 2328 probat.
407 2285 457 2317 Ac
482 2294 565 2317 cum
591 2294 625 2317 v.
645 2287 685 2317 23
701 2294 779 2327 sqq.
805 2286 848 2318 de
874 2286 942 2318 viis
967 2295 1063 2328 quae
1088 2286 1164 2318 ruri
1189 2286 1261 2319 sint
1286 2284 1530 2328 praecipiendi
1559 2284 1705 2318 initium
1728 2282 1802 2326 fiat,
1856 2328 1858 2330 q

219 2343 338 2385 priora
364 2342 409 2375 ad
434 2351 494 2375 eas
519 2351 612 2384 quae
637 2343 731 2375 intra
757 2343 884 2375 urbem
902 2343 1104 2376 habeantur
1120 2343 1245 2376 referri
1266 2342 1504 2385 probabiliter
1526 2341 1662 2375 iudicat
1677 2340 1800 2375 Kolbe.

219 2400 317 2438 Quae
341 2409 427 2432 vero
453 2408 591 2441 poenae
616 2400 675 2432 hic
699 2401 959 2443 proponantur,
985 2400 1283 2433 commodissime
1308 2400 1352 2432 de
1377 2400 1429 2432 eis
1445 2399 1614 2442 intellegi,
1637 2399 1702 2440 qui
1718 2406 1800 2441 par-

218 2459 290 2489 tem
323 2458 403 2489 viae
434 2457 602 2499 publicae
632 2456 794 2490 aedificio
826 2458 996 2499 privatim
1028 2459 1215 2491 exstructo
1249 2458 1428 2499 occupent
1452 2458 1515 2489 aut
1547 2456 1614 2489 alia
1639 2455 1801 2497 qualibet

217 2515 354 2547 ratIone
379 2515 414 2546 in
440 2522 550 2546 suum
575 2522 683 2546 usum
709 2516 862 2556 vertant,
894 2515 1073 2556 siquidem
1100 2525 1133 2547 v.
1153 2517 1171 2547 8
1205 2515 1249 2547 de
1274 2514 1353 2547 loco
1378 2515 1415 2546 iu
1445 2513 1640 2556 pristinum
1665 2514 1798 2546 statum

216 2571 441 2605 restituendo
472 2571 623 2604 dicatur.
673 2571 814 2604 Similes
848 2572 944 2613 leges
969 2572 1112 2605 aliunde
1143 2573 1251 2605 etiam
1285 2573 1390 2604 notas
1420 2579 1510 2604 esse.
1558 2570 1707 2604 Aristot.
1730 2565 1799 2604 Ἀθ.
1854 2601 1858 2608 ⁴

217 2627 295 2663 πολ.
314 2632 368 2672 50,
387 2631 406 2661 2
439 2627 498 2662 zai
521 2626 580 2665 τὰς
606 2626 704 2666 ὁδοὺς
728 2627 898 2662 κωλύουσι
923 2628 1185 2673 κατοικοδομεῖν
1213 2627 1255 2670 (οἱ
1279 2627 1474 2672 ἀστυνόμοι)
1504 2626 1563 2661 καὶ
1587 2626 1798 2674 δρυφάκτους
1855 2624 1858 2666 ἔ

219 2685 303 2731 ὑπὲρ
318 2690 385 2720 τῶν
406 2684 495 2720 ὁδῶν
514 2683 725 2732 ὑπερτείνειν.
767 2685 865 2718 Plato
883 2686 1056 2729 Legg.V1,
1072 2689 1135 2719 763
1154 2686 1201 2728 C.,
1227 2685 1291 2718 ubi
1316 2686 1408 2718 inter
1428 2685 1571 2726 negotia
1587 2686 1798 2727 astynomo-
1854 2677 1858 2732 j.

218 2754 300 2778 rum
333 2745 541 2777 recensetur
573 2741 751 2786 ἐπιμέλεια
781 2747 848 2776 τῶν
880 2742 1095 2787 οἰκοδομιῶν,
1127 2741 1184 2776 ἵνα
1216 2741 1304 2776 κατὰ
1327 2741 1453 2786 νόμους
1477 2740 1656 2788 γίγνωνται
1691 2744 1795 2775 πᾶσα.
1853 2745 1858 2784 i

218 2802 329 2844 [Xen.]
346 2802 426 2835 Ath.
444 2802 519 2834 Pol.
538 2804 569 2844 3,
589 2802 623 2834 li:
650 2798 702 2833 δεῖ
725 2798 762 2832 δὲ
785 2798 844 2833 καὶ
867 2799 947 2833 τάδε
973 2798 1190 2842 διαδικάζειν,
1215 2797 1311 2836 εἴτις
1327 2797 1389 2843 τὴν
1406 2801 1487 2832 ναῦν
1509 2797 1558 2843 μὴ
1584 2797 1798 2837 ἐπισκευάζει
1853 2825 1858 2828 .

215 2858 238 2904 ἢ
258 2859 503 2903 κατοικοδομεῖ
517 2870 549 2892 τι
572 2856 744 2904 δημόσιον.
787 2856 890 2897 ΩιιιιεὲΙ
902 2858 1013 2890 verba
1033 2867 1064 2890 v.
1083 2859 1114 2890 2.
1135 2860 1151 2888 3
1179 2857 1223 2889 ab
1242 2857 1441 2890 editoribus
1461 2857 1618 2898 reposita
1635 2859 1729 2898 sunt,
1755 2865 1794 2889 ea
1855 2852 1858 2860 ⁴

218 2917 407 2950 manifesto
434 2917 476 2949 de
502 2916 704 2958 astynomis
730 2916 971 2947 enuntiantur.
