1858 3126
201 164 286 206 402
382 162 470 195 VIII.
509 163 655 204 Imperii
679 162 829 195 Romani
854 164 1067 205 provinciae
1092 163 1297 197 orientales.
1346 167 1377 197 9.
1402 163 1600 207 Aegyptus.
1707 165 1786 208 [669

315 316 391 355 γωι
421 301 654 355 κατηγόρων
686 300 741 346 ὡς
765 299 907 356 ἑτέρωι
937 302 1164 356 συνηγορῶν
1196 298 1359 356 εἰσάγηι
1390 299 1635 355 ὑπόθεσινῚΒ,
1667 301 1786 357 παρί-

317 368 492 410 στασθαι
528 365 585 409 ὑπ’
621 367 626 424 Ι
669 368 791 410 αὐτοῦ
826 366 892 410 τὸν
930 369 1337 425 προσαγγείλανταΊθ,
1373 367 1440 412 ἵνα
1486 368 1589 425 μηδὲ
1634 370 1785 417 ἐκεῖνος

317 437 522 484 ἀκίνδυνος
551 437 613 493 ἧι.
653 433 726 479 ἐὰν
758 436 801 478 δὲ
834 437 939 479 ἰδίωι
970 438 1183 492 ὀνόματι80
1213 438 1459 498 κατενεγκὼν
1495 439 1600 494 τρεῖς
1639 438 1786 480 ὑποθέ-

316 522 397 553 σεις
438 506 555 562 μὴ<ι>
592 505 812 561 ἀποδείξηι,
851 507 992 562 μηκέτι
1030 507 1176 553 ἐξεῖναι
1213 507 1339 548 αὐτῶι
1382 508 1632 564 κατηγορεῖν,
1678 505 1783 549 ἀλλὰ

315 574 357 617 τὸ
388 577 513 632 ἥμισυ
535 575 657 617 αὐτοῦ
689 575 694 631 Ι
726 579 797 631 τῆς
820 575 959 622 οὐσίας
982 574 1403 632 ἀναλαμβάνεσθαι81.
1440 576 1684 618 ἀδικώτατον
1705 574 1784 632 γὰρ

314 646 418 687 ἐστιν
453 645 614 691 πολλοῖς
652 642 855 699 ἐπάγοντα
891 644 1097 691 κινδύνους
1138 643 1235 700 ὑπὲρ
1273 645 1419 687 οὐσιῶν
1457 644 1526 687 καὶ
1562 649 1634 701 τῆς
1663 645 1786 687 ἐπιτι-

317 715 410 770 μίας
442 713 560 756 αὐτὸν
592 711 660 755 διὰ
691 712 837 761 παντὸς
870 714 1088 756 ἀνεύθυνον
1120 713 1240 756 εἶναι.
1274 713 1342 756 καὶ
1373 715 1553 757 καθόλου
1585 713 1629 756 δὲ
1660 714 1786 770 ἐ[π]Ιι-

314 783 602 838 κελεύσομαι82
630 781 695 824 τὸν
727 782 914 838 γνώμονα
949 786 1020 824 τοῦ
1058 782 1159 825 ἰδίου
1199 784 1365 839 λόγου83
1395 781 1491 838 [ἀεὶ]
1503 785 1539 813 84
1567 780 1619 824 τὰ
1650 799 1786 826 καινο-

313 851 534 906 ποιηθέντα
563 848 673 906 παρὰ
705 848 778 898 τὰς
808 854 885 892 τῶν
916 850 1128 907 Σεβαστῶν
1158 850 1329 908 χάριτας
1359 853 1655 908 ἐπανορθῶσαι,
1695 851 1785 908 περὶ

244 931 287 964 45
315 920 361 961 οὔ
392 918 629 976 προγράψω,
662 917 741 974 [ἵνα
771 922 891 960 πᾶσιν
923 918 1096 975 φανερὸν
1126 919 1183 975 ἧι,
1222 921 1283 962 ὅτι
1312 918 1448 967 τοὺς85
1478 919 1786 976 ἐζξν]δειχθέντας

200 991 294 1042 §40
318 987 574 1044 συκοφάντας
612 989 666 1035 ὡς
707 987 792 1029 ἔδει
828 986 1155 1044 ἐτιμωρησάμην.
1203 1013 1260 1019 —
1304 989 1377 1030 οὐκ
1422 988 1612 1044 ἀγνοῶ<ι>
1661 986 1691 1030 δ’
1724 990 1786 1030 ὅτι

314 1057 466 1113 πολλὴν
502 1058 690 1113 πρόνοιαν
727 1056 910 1098 ποιεῖσθε
947 1055 1016 1098 καὶ
1047 1059 1117 1098 τοῦ
1155 1056 1226 1113 τὴν
1257 1055 1456 1113 Αἴγυπτον
1496 1059 1536 1100 ἐν
1568 1057 1784 1113 εὐπαθείᾳ

314 1125 560 1181 δια[μένειν,]
600 1126 639 1171 ἐξ
677 1125 726 1180 ἧς
758 1125 819 1179 [ἃς
858 1126 915 1172 εἰς
951 1124 1017 1167 τὸν
1057 1126 1140 1181 βίον
1179 1125 1353 1181 ἅπαντα]
1386 1125 1391 1182 Ι
1424 1126 1620 1183 χορηγίας
1655 1125 1783 1184 ἔχετε,

314 1196 391 1237 ὅσα
429 1193 512 1236 οἷόν
551 1210 593 1236 τε
633 1193 682 1250 ἢν
721 1192 1103 1250 ἐπηνωρθωσάμην.
1142 1194 1330 1251 ἐνέτυχον
1366 1193 1444 1251 γάρ
1485 1211 1552 1250 μοι
1589 1193 1786 1242 πολλάκις

198 1439 382 1470 extremos
414 1445 526 1469 annos
559 1438 595 1468 et
625 1435 756 1468 Galbae
787 1436 888 1468 initia
915 1436 1151 1468 traderentur.
1201 1435 1250 1468 Cf.
1276 1436 1357 1468 Tac.
1382 1435 1469 1469 Hist.
1494 1437 1535 1478 11,
1562 1439 1622 1469 ⁴⁰:
1654 1434 1787 1470 Vibius

202 1492 365 1537 Crispus,
385 1491 548 1537 pecunia
565 1491 729 1536 potentia
750 1490 899 1536 inqenio
915 1491 1011 1526 inter
1027 1491 1143 1526 claros
1166 1490 1287 1536 maqis
1310 1502 1421 1536 quam
1444 1490 1542 1526 inter
1565 1491 1683 1535 bonos,
1707 1492 1785 1527 An-

197 1550 306 1585 nium
322 1549 505 1584 Faustum
529 1548 700 1593 equestris
724 1548 878 1591 ordinis,
903 1548 970 1593 qui
990 1547 1210 1593 temporibus
1225 1547 1386 1583 Neronis
1409 1548 1625 1584 delationem
1639 1549 1785 1593 factita-

197 1610 304 1650 verat,
330 1607 379 1642 ad
394 1606 635 1651 coynitionem
650 1609 798 1640 senatus
813 1606 959 1641 vocabat
967 1617 975 1649 ;
1000 1617 1092 1641 nam
1107 1605 1243 1641 recenti
1262 1605 1396 1641 Galbae
1405 1605 1624 1651 principatu
1639 1617 1784 1642 censue-

196 1667 283 1699 rant
306 1667 440 1709 patres,
466 1667 505 1698 ut
528 1666 781 1698 accusatorum
810 1674 942 1698 causae
971 1666 1213 1698 macerentur.
1255 1665 1312 1707 IV,
1332 1667 1374 1698 ¹02
1408 1665 1456 1706 (in
1483 1666 1646 1699 oratione
1670 1665 1784 1699 Curtii

197 1723 366 1764 Montani)
398 1720 639 1766 danyuimm,
671 1722 796 1764 patres
829 1720 1037 1764 conscripti,
1070 1731 1135 1755 nec
1164 1720 1244 1755 iam
1274 1720 1335 1755 ille
1362 1724 1511 1756 senatus
1540 1732 1680 1765 sumus,
1719 1721 1786 1766 qui

198 1778 313 1815 occi-so
348 1778 490 1813 Nerone
518 1778 689 1813 delatores
718 1780 749 1812 et
781 1776 974 1811 ministros
1004 1788 1103 1811 more
1135 1777 1324 1812 maiorum
1347 1777 1556 1823 puniendos
1583 1778 1781 1824 flayitabat.

200 1841 240 1870 78
274 1837 323 1870 Cf.
349 1846 382 1869 n.
403 1836 515 1870 66518.
635 1839 676 1869 79
708 1837 732 1869 I.
751 1845 780 1868 e.
807 1836 919 1878 illum,
946 1845 966 1868 a
991 1845 1065 1877 quo
1084 1844 1141 1867 res
1167 1837 1235 1877 ipsi
1261 1836 1417 1869 indicata
1442 1839 1498 1869 est
1514 1838 1645 1879 cuique
1663 1839 1785 1880 patro-

197 1896 321 1928 cinans
339 1894 555 1941 (συνηγορῶν)
579 1903 659 1927 eam
676 1894 721 1927 ad
741 1893 919 1926 iudicium
937 1893 1074 1926 detulit.
1194 1896 1234 1926 80
1269 1894 1293 1925 I.
1309 1902 1338 1925 e.
1356 1902 1430 1926 non
1451 1892 1558 1939 ἑτέρῳ
1577 1899 1783 1939 συνηγορῶν,

198 1956 234 1986 84
272 1953 464 1994 Proprium
499 1952 652 1985 verbum
684 1952 728 1984 de
760 1951 868 1984 bonis
900 1959 992 1993 quae
1022 1951 1058 1983 in
1092 1950 1220 1983 fiscum
1253 1950 1477 1992 rediguntur.
1532 1951 1581 1984 Cf.
1615 1961 1648 1984 n.
1668 1951 1781 1985 33824.

200 2013 240 2042 82
276 2010 465 2052 Supplevit
478 2009 634 2051 Bissing;
652 2009 932 2051 praepositionis
946 2008 1099 2050 vestigia
1111 2017 1204 2050 quae
1223 2008 1259 2040 in
1277 2007 1396 2049 lapide
1412 2009 1555 2040 exstant
1572 2017 1643 2042 non
1660 2010 1784 2042 sinunt

197 2066 367 2099 dubitari.
406 2066 532 2108 Neque
550 2067 622 2098 hoc
640 2067 885 2108 compositum
903 2066 1014 2099 ullam
1032 2065 1141 2098 habet
1157 2064 1403 2106 offensionem,
1429 2065 1498 2098 etsi
1515 2066 1623 2098 etiam
1641 2065 1783 2110 [παραΗ-

196 2122 404 2167 κελεύσομαι
417 2123 515 2165 quod
529 2124 669 2165 priores
683 2124 842 2156 editores
856 2123 990 2156 habent
1003 2132 1072 2155 non
1087 2124 1141 2155 est
1154 2121 1503 2164 reprehendendum.
1528 2122 1597 2155 Sed
1609 2123 1640 2155 si
1653 2131 1782 2156 verum

197 2183 262 2222 est,
294 2178 587 2225 παρακελεύεσθαι
612 2181 656 2213 de
681 2181 733 2213 eis
766 2181 835 2213 dici
861 2182 924 2222 qui
950 2181 1106 2222 aliquem
1137 2180 1319 2221 moneant,
1353 2181 1394 2211 ut
1426 2179 1562 2221 aliquid
1595 2181 1782 2223 suscipiat,

196 2235 404 2271 ἐπικελεύειν
436 2238 479 2270 de
510 2246 552 2270 eo
578 2238 641 2279 qui
664 2238 833 2271 hortetur
862 2240 903 2270 ut
936 2237 972 2271 in
1002 2246 1041 2270 re
1066 2237 1136 2269 iam
1161 2237 1303 2278 incepta
1327 2236 1517 2270 elaborare
1547 2240 1683 2280 pergat,
1713 2239 1782 2271 hoc

196 2296 409 2337 neutiquam
442 2295 599 2328 alienum
633 2297 687 2327 est
720 2294 765 2327 ab
790 2295 981 2328 Alexandri
1013 2293 1183 2336 praerecti
1214 2296 1250 2326 et
1282 2294 1529 2335 procuratoris
1561 2293 1646 2328 ἰδίου
1677 2293 1781 2341 λόγου

196 2353 411 2386 rationibus.
458 2352 583 2394 Neque
616 2353 776 2385 medium
810 2352 914 2386 verbi
946 2360 1058 2394 genus
1090 2360 1174 2384 cum
1211 2352 1388 2384 sermonis
1425 2359 1497 2384 usu
1531 2354 1678 2395 pugnat,
1713 2353 1781 2385 etsi

196 2410 356 2442 activum
392 2410 511 2451 paullo
543 2410 766 2451 frequentius
806 2412 870 2443 est.
927 2410 976 2443 Cf.
1007 2408 1167 2451 Thucyd.
1194 2408 1251 2451 IV,
1276 2412 1330 2451 28,
1355 2411 1390 2442 3:
1431 2407 1462 2441 οἱ
1495 2407 1542 2451 δέ,
1573 2407 1646 2443 οἷον
1676 2407 1781 2456 ὄχλος

196 2464 293 2510 φιλεῖ
316 2468 435 2507 ποιεῖν,
466 2464 534 2508 ὅσῳ
561 2465 691 2510 μᾶλλον
717 2465 734 2500 ὁ
761 2463 885 2500 Κλέων
911 2464 1079 2511 ὑπέφευγε
1102 2465 1160 2498 τὸν
1186 2463 1292 2499 πλοῦν
1317 2465 1375 2500 καὶ
1399 2464 1600 2512 ἐξανεχώρει
1623 2465 1666 2499 τὰ
1690 2465 1783 2512 εἰρη-

197 2521 293 2566 μένα,
318 2521 409 2567 τόσῳ
435 2521 675 2557 ἐπεκελεύοντο
700 2525 752 2569 τῷ
769 2521 874 2570 Νικίᾳ
899 2522 1118 2570 παραδιδόναι
1134 2522 1196 2568 τὴν
1216 2521 1338 2569 ἀρχήν.
1380 2523 1557 2556 Plutarch.
1571 2523 1700 2557 Anton.
1719 2526 1781 2557 77:

195 2578 218 2624 ἡ
245 2576 451 2626 Κλεοπάτρα
474 2598 520 2604 -
543 2579 786 2624 ἀνελάμβανεν,
818 2579 1107 2625 ἐπικελευομένων
1139 2584 1206 2613 τῶν
1236 2578 1393 2614 κάτωθεν
1426 2578 1510 2624 αὐτῇ
1538 2579 1595 2613 καὶ
1630 2590 1781 2626 συναγω-

194 2638 354 2670 νιώντων.
466 2640 508 2670 83
541 2638 592 2671 Cf.
618 2640 692 2671 not.
713 2641 764 2671 75.
878 2641 919 2672 84
951 2638 1133 2680 Supplevi.
1175 2635 1307 2679 [πάν]τα
1322 2635 1605 2682 καινοποιηθέντα
1629 2637 1779 2680 Bissing,

197 2704 269 2737 qua
293 2696 329 2728 in
355 2695 507 2728 lectione
537 2696 630 2728 male
662 2695 770 2728 habet
796 2696 956 2729 defectus
981 2695 1133 2729 articuli.
1181 2695 1435 2737 Anttquiorum
1468 2694 1719 2736 supplementa
1744 2696 1780 2728 in

196 2761 345 2785 censum
380 2762 452 2786 non
485 2753 644 2794 veniunt,
677 2754 761 2794 quia
795 2753 844 2785 illi
879 2754 994 2786 multo
1025 2753 1199 2785 maiorem
1230 2760 1310 2784 esse
1341 2752 1578 2792 sumpserunt
1602 2751 1778 2794 lacunam,

196 2819 306 2851 quam
323 2818 361 2842 re
379 2819 465 2842 vera
487 2812 552 2842 est.
671 2813 712 2842 85
745 2810 928 2852 Supplevi.
961 2811 1126 2843 Priorum
1144 2809 1326 2841 editorum
1346 2807 1598 2851 supplementa
1620 2809 1778 2850 spatium

195 2867 344 2899 lacunae
362 2868 415 2908 (24
435 2867 583 2908 litteras)
601 2867 790 2900 excedunt.
823 2867 1035 2900 Wilckenus
1053 2866 1142 2908 (ms.)
1161 2868 1244 2908 post
1261 2863 1447 2911 προγράψω
1465 2865 1648 2906 supplevit
1667 2863 1779 2911 [ἀναγ-

193 2922 325 2966 καίως],
352 2924 490 2966 reliqua
515 2925 649 2957 intacta
674 2924 828 2965 reliquit.
