1858 3126
1848 0 1858 31 I

264 151 317 191 52
494 148 583 181 VIII.
620 148 767 190 Imperii
791 147 942 180 Romani
966 147 1178 189 provinciae
1203 146 1406 180 orientales.
1457 149 1486 179 4.
1511 147 1605 180 Asia.
1769 146 1846 188 [458

380 287 436 333 εἰς
465 285 536 342 τὴν
571 283 575 340 Ι
610 284 740 340 ἀρχὴν
772 284 981 341 ἐνβαίνειν,
1023 285 1109 340 ἥτις
1139 282 1243 325 ἐστὶν
1273 282 1349 340 πρὸ
1381 283 1497 326 ἐννέα
1526 285 1734 327 καλανδῶν
1759 282 1847 328 Ὀκ-

378 354 575 411 τωβρίων,
607 355 715 400 ὅπως
739 352 743 408 Ι
765 351 834 394 καὶ
863 353 1142 409 περισσότερον
1167 353 1383 408 τιμηθῆι19
1411 353 1722 410 προσλαβομένη
1752 352 1842 402 ἔξω·

306 434 348 466 25
376 423 447 465 θέν
478 438 567 465 τινα
598 422 807 479 θρησκήαν
845 420 914 463 καὶ
944 420 955 477 ΙΙ
986 423 1135 477 μᾶλλον
1171 423 1291 463 πᾶσιν
1327 421 1508 477 γείνηται
1544 422 1757 479 γνώριμος,
1797 424 1846 479 ἣν

378 489 517 547 οἴομαι
560 490 629 533 καὶ
674 491 861 545 πλείστην
908 489 1146 546 εὐχρηστίαν
1193 489 1198 545 Ι
1241 493 1308 545 τῆι
1352 490 1542 547 ἐπαρχήα
1587 492 1844 547 παρέξεσθαι.

379 562 569 617 ψήφισμα
601 559 645 602 δὲ
677 558 750 602 ὑπὸ
781 562 851 601 τοῦ
880 562 1014 601 κοινοῦ
1045 563 1115 614 τῆς
1138 555 1271 606 Ἀσίας
1302 558 1453 615 δεήΙσει
1481 563 1687 616 γραφῆναι
1712 558 1847 608 πάσας

377 627 682 686 ἐνπεριειληφὸς
716 625 789 676 τὰς
828 625 974 684 ἀρετὰς
1012 628 1154 682 αὐτοῦ,
1190 626 1256 670 ἵνα
1291 626 1335 669 τὸ
1373 627 1598 684 ἐπινοηΙθὲν
1636 625 1697 685 ὑφ’
1733 631 1847 685 ἡμῶν

379 690 437 746 ὲίς
475 698 545 754 τὴν
588 697 728 754 τειμὴν
766 700 835 739 τοῦ
876 697 1080 753 Σεβαστοῦ
1120 696 1234 752 μείνῃ
1283 697 1457 739 αἰώνιον.
1508 695 1718 754 προστάξει)
1760 697 1765 753 Ι
1806 697 1850 740 δὲ

379 766 591 824 χαραχθὲν
635 766 750 821 (ἐνῖθ)
789 767 883 822 τῇῖῐ1
923 759 1048 822 σ’τήλῃ
1089 764 1133 808 τὸ
1174 766 1365 822 ψήφισμα
1405 767 1447 808 ἐν
1486 771 1544 822 τῷ
1582 771 1669 823 ναῷ
1710 766 1849 808 ἀνατε-

308 847 351 879 30
380 837 516 891 θῆναι,
549 833 759 892 προτάΙΙΕας
789 834 832 877 τὸ
865 833 1070 890 διάταγμα
1102 834 1348 890 ἑκατέρωςῖ2
1375 834 1528 891 γραφέν
1540 836 1587 876 ²3.

358 1023 399 1052 49
431 1017 582 1063 τιμηθῆι
606 1017 649 1062 A,
679 1016 830 1063 τειμηθῆ
857 1017 898 1052 Ρ.
948 1020 1038 1051 Item
1064 1020 1231 1061 proximo
1256 1028 1368 1052 versu
1401 1017 1551 1064 γεὶνηται
1573 1017 1618 1062 Α,
1648 1017 1785 1064 γένηται
1808 1017 1850 1052 Ρ.

266 1081 306 1110 20
341 1077 650 1119 Praepositionem
675 1077 712 1109 in
746 1076 864 1118 lapide
896 1078 1048 1119 propter
1080 1077 1369 1110 terminationem
1402 1076 1572 1110 vocabuli
1604 1077 1765 1119 proximi
1797 1085 1852 1109 er-

266 1143 351 1168 rore
386 1134 561 1167 omissam
599 1135 844 1175 reposuerunt
879 1134 925 1166 M.
956 1135 991 1166 et
1021 1133 1076 1166 W.
1223 1136 1259 1165 24
1297 1134 1332 1166 Si
1369 1134 1544 1167 articulus
1576 1134 1636 1167 hic
1673 1134 1851 1176 genuinus

265 1193 370 1234 esset,
396 1191 629 1224 statuendum
654 1199 734 1223 esse
765 1191 801 1222 in
825 1190 1011 1232 Augusteo
1037 1191 1342 1232 Pergamenorum
1367 1193 1502 1224 certam
1528 1190 1711 1234 quandam
1741 1191 1852 1234 pilam

265 1250 342 1282 eius
382 1248 482 1282 modi
523 1248 677 1281 decretis
717 1248 928 1281 honorificis
974 1248 1221 1290 insculpendis
1267 1249 1483 1282 destinatam
1529 1248 1641 1282 fuisse
1681 1248 1854 1282 observat

265 1306 525 1348 Wilamowitz;
553 1314 595 1338 ac
619 1314 704 1338 sane
730 1306 924 1338 articulum
950 1306 1053 1338 aliter
1070 1306 1211 1338 defendi
1236 1315 1308 1339 non
1329 1306 1437 1339 licere
1454 1315 1582 1339 verum
1601 1307 1667 1339 est.
1708 1305 1853 1339 sedilia

263 1362 440 1409 χαραχθὲν
464 1381 511 1386 -
535 1360 743 1408 ἀνατεθῆναι
776 1372 849 1395 non
880 1365 1035 1405 possunt
1066 1372 1137 1396 non
1170 1363 1214 1396 de
1244 1364 1334 1396 stela
1369 1363 1527 1405 intellegi
1556 1372 1650 1406 quae
1680 1364 1761 1396 tum
1791 1363 1853 1396 de-

267 1429 370 1452 mum
400 1429 484 1452 cum
516 1421 690 1461 inscripta
721 1421 767 1452 sit
792 1421 828 1451 in
853 1421 991 1462 templo
1026 1420 1233 1453 collocetur.
1291 1420 1409 1459 Quare
1441 1421 1616 1454 articulus
1648 1429 1853 1463 perperam,

267 1477 418 1510 fortasse
455 1486 523 1518 pro
560 1477 831 1518 praepositione
869 1478 922 1509 ΕΝ
962 1477 1045 1517 (not.
1065 1477 1131 1519 20),
1167 1478 1304 1510 incisus
1339 1478 1495 1511 videtur.
1620 1480 1664 1510 22
1695 1478 1720 1511 1.
1749 1487 1779 1511 e.
1817 1478 1855 1511 et

267 1535 401 1567 Graece
425 1536 461 1566 et
485 1535 623 1575 Latine;
656 1534 698 1566 cf.
724 1535 797 1567 not.
816 1537 846 1566 4.
900 1535 1147 1567 Mommsenus
1178 1543 1263 1567 cum
1288 1535 1358 1567 hoc
1382 1533 1554 1579 ἑκατέρως
1587 1535 1745 1578 perbene
1769 1544 1854 1569 con-

267 1591 336 1624 fert
370 1592 591 1624 locutionem
625 1589 865 1634 grammatici
895 1589 1114 1624 eruditionis
1158 1592 1225 1632 (vel
1257 1589 1511 1632 institutionis)
1543 1591 1732 1636 utriusque
1767 1592 1852 1626 Cod.

267 1648 482 1690 Theod.X1,
508 1651 560 1690 46,
587 1651 640 1680 45.
666 1651 717 1681 48.
771 1648 839 1680 Sed
869 1649 941 1681 iam
973 1649 1081 1681 huius
1117 1649 1212 1681 tituli
1243 1651 1359 1681 aetate
1392 1649 1429 1681 id
1460 1649 1602 1682 dicendi
1636 1658 1749 1692 genus
1778 1650 1854 1683 usi-

266 1707 384 1738 tatum
417 1705 528 1738 fuisse
560 1705 692 1747 probat
723 1705 811 1737 lllud
837 1705 972 1738 Horatii
998 1706 1114 1738 Carm.
1137 1706 1194 1747 111,
1222 1709 1252 1747 8,
1277 1709 1295 1738 5
1327 1705 1423 1739 docte
1454 1715 1636 1740 semones
1665 1704 1854 1750 utrimque

268 1761 425 1806 linquae.
544 1765 586 1794 23
612 1763 651 1794 In
676 1762 795 1804 lapide
820 1763 1002 1795 Prienensi
1027 1762 1124 1794 hunc
1149 1763 1325 1804 epistulae
1349 1763 1457 1796 finem
1483 1764 1604 1805 ipsum
1630 1764 1765 1806 excipit
1788 1764 1853 1796 ini-

266 1821 359 1853 tium
384 1820 520 1853 decreti
545 1820 760 1853 Asianorum
787 1820 849 1860 (ΙΙ).
899 1820 967 1852 Sed
991 1820 1171 1861 Apameae
1200 1820 1256 1852 his
1281 1820 1508 1853 interiectum
1535 1823 1590 1854 est
1620 1821 1717 1854 aliud
1743 1821 1854 1859 docu-

269 1879 432 1910 mentum
458 1878 544 1910 item
570 1878 725 1918 utraque
749 1877 870 1918 lingua
887 1877 1144 1919 compositum.
1185 1877 1237 1910 Ex
1256 1877 1388 1910 Latinis
1407 1878 1494 1910 nihil
1519 1879 1637 1911 exstat
1661 1878 1731 1911 nisi
1747 1878 1852 1911 haec:

269 1952 393 1958 ------
430 1932 434 1977 Ι
467 1944 587 1967 nonus
612 1931 736 1976 XXX,
769 1933 939 1967 decumus
965 1932 970 1977 Ι
997 1931 1140 1976 ΧΧΧῙ,
1173 1933 1398 1968 undecumus
1421 1932 1545 1977 XXX,
1575 1933 1579 1977 Ι
1611 1933 1854 1969 duodecumas

270 1989 427 2023 XXXI.
455 1990 458 2034 Ι
485 1989 719 2023 interkalaris
743 1988 1010 2034 interpolaretur.
1060 1991 1215 2024 Graecae
1238 1992 1547 2034 Interpretationis
1578 1993 1733 2025 aetatem
1762 1992 1854 2025 tule-

269 2049 354 2080 runt
378 2048 565 2088 relliquiae
590 2047 715 2080 decem
740 2056 927 2090 versuum,
954 2048 1016 2080 sed
1042 2050 1124 2081 octo
1151 2048 1315 2090 priorum
1339 2050 1413 2082 tam
1432 2050 1583 2091 exiguae
1606 2051 1643 2082 et
1665 2048 1853 2091 obscurae,

267 2107 309 2137 ut
334 2105 421 2137 nihil
446 2105 535 2136 certi
559 2104 790 2146 dispiciatur;
822 2104 896 2137 duo
922 2106 1100 2146 postremi
1125 2106 1178 2138 sic
1202 2114 1240 2138 se
1265 2105 1399 2139 habent
1423 2104 1513 2152 μηδὲ
1536 2104 1629 2139 ἔσται
1654 2105 1716 2149 μία
1738 2105 1855 2150 ἡμέρα

270 2160 329 2194 δύο
363 2160 475 2205 μέσων
506 2160 699 2206 γενομένων
731 2160 827 2202 [ἐτῶν
853 2179 962 2186 -----
964 2162 973 2203 ]
1008 2161 1012 2205 Ι
1045 2161 1133 2196 κατὰ
1162 2161 1224 2206 τὴν
1255 2158 1480 2208 ιΡωμαϊ[πι]ὴν
1513 2161 1700 2208 συνήθηαν.
1755 2163 1853 2202 Quae

269 2218 425 2251 frustula
450 2220 662 2259 argumento
688 2218 835 2260 quidem
859 2219 1080 2261 respondere
1104 2220 1174 2252 illis
1199 2229 1292 2267 quae
1317 2221 1354 2252 in
1370 2220 1514 2253 decreto
1539 2220 1682 2253 concilii
1705 2221 1854 2263 provin·

269 2276 369 2308 cialis
394 2276 559 2317 legantur
583 2285 616 2307 v.
636 2278 690 2307 70.
710 2278 763 2308 74.
782 2278 822 2306 77
851 2274 1009 2318 apparet,
1037 2286 1152 2318 neque
1178 2278 1245 2309 alia
1271 2277 1415 2310 videtur
1439 2286 1558 2319 causa,
1584 2286 1649 2310 cur
1674 2278 1711 2310 in
1734 2277 1853 2319 lapide

270 2333 451 2365 Prienensi
478 2332 623 2365 omnino
650 2333 720 2364 hoc
745 2334 863 2364 totum
889 2333 1149 2366 documentum
1176 2335 1421 2375 omitteretur;
1446 2334 1513 2367 fuit
1538 2335 1614 2367 sine
1638 2334 1751 2367 dubio
1777 2336 1852 2377 epi-

269 2390 385 2422 stulae
410 2389 521 2421 Paulli
545 2389 773 2430 proconsulis
796 2390 976 2431 appendix
994 2399 1086 2431 quae
1105 2392 1366 2424 accuratiorem
1386 2400 1572 2424 novorum
1590 2391 1767 2424 fastorum
1792 2392 1852 2424 de-

270 2447 517 2489 scriptionem,
552 2455 661 2487 quam
696 2446 731 2478 in
762 2447 840 2487 ipsa
873 2447 1027 2488 epistula
1058 2448 1307 2480 desideramus
1338 2449 1423 2487 (not.
1443 2449 1509 2490 46),
1543 2449 1753 2481 contineret.
1801 2449 1852 2481 De

271 2513 422 2537 numero
449 2503 589 2535 dierum
615 2512 775 2535 errorem
794 2504 1045 2546 commissum,
1072 2514 1157 2537 cum
1174 2505 1365 2537 undecimo
1384 2505 1560 2546 Gorpiaeo
1580 2506 1736 2547 triginta,
1763 2505 1852 2538 duo·

270 2561 410 2594 decimo
437 2560 728 2602 Hyperberetaeo
755 2561 900 2601 triginta
923 2570 1017 2593 unus
1042 2561 1297 2604 tribuerentur,
1323 2563 1569 2594 Mommsenus
1593 2561 1793 2604 fragmento
1817 2560 1858 2601 A,

270 2620 374 2650 eruto
406 2617 478 2649 iam
511 2619 755 2659 perspexerat,
787 2617 823 2649 id
856 2618 954 2658 quod
985 2618 1249 2660 comprobatur
1281 2618 1398 2660 lapide
1421 2616 1458 2650 P
1483 2619 1630 2652 invento
1662 2619 1706 2659 (v.
1728 2621 1780 2651 70.
1807 2604 1852 2651 74·

270 2672 453 2719 Γορπιαῖος
469 2667 533 2715 λα’,
561 2668 832 2717 Ὑπερβερεταῖος
856 2665 908 2714 λ’).
951 2674 1064 2707 Unum
1082 2675 1182 2716 quod
1200 2676 1235 2707 in
1254 2675 1313 2707 illo
1332 2674 1485 2708 frustulo
1504 2675 1639 2708 Graeco
1656 2676 1851 2718 Apamensi

270 2733 327 2774 sit,
348 2739 464 2773 neque
481 2739 569 2763 vero
589 2731 625 2762 in
644 2730 788 2763 decreto
805 2731 1021 2763 Asianorum
1040 2732 1173 2773 redeat,
1195 2732 1420 2764 enuntiatum
1443 2731 1530 2775 μηδὲ
1549 2731 1643 2765 ἔσται
1661 2730 1721 2776 μία
1736 2730 1852 2776 ἡμέρα

271 2790 336 2831 est,
362 2797 435 2831 quo
453 2788 699 2821 Mommsenus
725 2788 857 2820 conicit
881 2797 1006 2820 eorum
1026 2789 1346 2830 computationem,
1373 2789 1435 2830 qui
1461 2789 1556 2821 diem
1581 2789 1858 2822 intercalarium}

272 2855 356 2878 cum
388 2845 556 2888 proximo
590 2854 705 2877 unum
745 2844 1103 2886 duodequadraginta
1139 2845 1310 2878 horarum
1347 2845 1442 2878 diem
1479 2845 1619 2878 efficere
1648 2846 1849 2888 statuerint,

270 2911 368 2935 reicl.
