1858 3126
173 47 254 87 154
407 45 495 78 V111.
532 45 679 87 Imperii
702 44 853 77 Romani
876 45 1086 87 provinciae
1110 44 1312 78 orientales.
1362 47 1392 79 4.
1418 46 1512 80 Asia.
1620 47 1746 90 [509—

171 187 213 217 27
250 184 394 217 ΕΦΕΣΩ
419 185 515 216 ...Ν
532 207 540 215 .
556 184 579 215 Ε
605 183 866 225 apographum.
914 182 1114 215 Restituere
1139 184 1290 216 conatus
1322 191 1416 226 sum,
1449 192 1526 216 rem
1556 184 1752 217 incertissi-

170 251 270 275 mam
293 249 374 274 esse
397 250 470 273 non
493 241 674 282 ignorans.
791 243 833 273 28
867 241 1049 283 Supplevi.
1099 240 1260 283 Tempus
1283 241 1367 273 anni
1397 241 1626 274 interiectum
1659 242 1753 274 inter

171 298 346 332 Barbillea
370 300 406 332 et
429 298 518 331 alias
543 298 649 331 ferias
674 297 868 340 significari
892 300 1033 331 certum
1059 300 1124 341 est,
1149 300 1186 331 et
1209 299 1349 332 ΑΣΙΑΣ
1375 298 1515 332 litterae
1546 307 1620 332 non
1644 299 1751 332 video

170 366 242 399 qua
266 356 335 390 alia
358 356 498 389 ratione
521 364 648 388 earum
666 355 803 388 nomini
819 356 929 388 inseri
954 356 1106 398 possint.
1223 357 1264 388 29
1297 356 1481 398 supplevi.
1521 356 1644 389 Potest
1667 365 1753 389 sane

170 415 280 447 etiam
303 412 350 457 [ἐν
376 411 557 458 Περγάμῳ]
583 413 705 446 fuisse.

259 583 350 628 510
390 586 541 639 Ephesi
576 588 618 626 in
654 586 828 627 theatro.
891 587 963 626 Ed.
1003 586 1137 626 Wood
1181 587 1434 627 Discoveries
1473 589 1516 626 at
1553 586 1750 640 Ephesus.

170 656 353 710 Append.
386 657 509 696 Inscr.
543 656 649 696 from
680 656 749 696 the
779 668 839 708 gr.
861 656 1021 696 theatre
1051 668 1090 708 p.
1118 656 1168 694 46
1201 667 1239 695 n.
1265 656 1303 695 3.

277 766 331 811 <H
368 770 506 826 πρώτη
538 769 607 811 καὶ
639 768 801 824 μεγίστη
835 767 1089 825 μηΙτρόπολις
1119 772 1189 824 τῆς
1214 766 1348 816 Ἀσίας
1377 767 1445 810 καὶ
1477 767 1536 816 δὶς
1569 768 1573 825 Ι
1606 769 1755 811 νεωκό-

240 850 259 882 5
291 840 382 895 ρος1
416 840 494 880 τῶν
531 837 773 895 Σεβοιεττῶν2
805 837 809 888 Ι
842 837 908 880 τὸν
949 838 1118 880 πέτασον
1157 840 1228 879 τοῦ
1266 836 1469 894 &scirpeo-“³
1497 836 1509 893 Η
1539 836 1607 879 καὶ
1642 836 1754 893 τὸ<ν>

283 908 551 964 προσκήνιον4
594 906 663 949 καὶ
702 906 745 948 τὸ
787 908 984 962 πόδωμα5
1025 905 1030 963 Ι
1068 906 1136 948 καὶ
1173 905 1262 954 τοὺς
1299 905 1542 964 σειφάρουςθ
1579 905 1648 948 καὶ
1683 906 1753 961 τὴν

265 1038 276 1066 4
312 1034 361 1067 Cf.
388 1044 421 1067 n.
440 1033 533 1067 4842.
645 1037 664 1065 2
698 1034 789 1066 Cum
806 1034 917 1066 altera
935 1034 1107 1066 neocoria
1122 1033 1269 1066 titulum
1293 1035 1326 1066 ei
1344 1034 1452 1067 aetati
1469 1034 1636 1076 assignet,
1661 1042 1755 1076 quae

169 1093 225 1125 est
249 1093 343 1124 inter
359 1092 500 1124 Traiani
525 1093 561 1124 et
577 1091 743 1133 Septimii
759 1091 884 1123 Severi
899 1091 1137 1133 principatus,
1155 1090 1259 1123 Vedii
1275 1090 1444 1124 Antonini
1461 1092 1607 1125 nomine
1625 1091 1709 1132 (not.
1724 1091 1755 1132 9)
1772 1112 1784 1116 ·
1853 1092 1858 1136 ff

169 1150 216 1183 ad
238 1149 407 1182 Antonini
432 1149 484 1181 Pii
515 1151 577 1182 aut
601 1149 644 1181 M.
662 1149 798 1181 Aurelii
831 1150 867 1181 et
891 1149 927 1181 L.
951 1148 1036 1180 Veri
1065 1150 1234 1190 tempora
1266 1148 1493 1181 deducimur.
1542 1149 1636 1182 Cave
1665 1152 1764 1181 vero‘

169 1207 347 1250 pluralem
378 1206 423 1239 ad
453 1207 565 1240 Divos
598 1206 727 1239 fratres
759 1206 952 1238 rettuleris,
1001 1206 1118 1238 Immo
1151 1207 1187 1238 in
1222 1206 1291 1239 hac
1321 1206 1561 1248 appellatione
1593 1203 1758 1250 Σεβαστοί

170 1274 314 1307 semper
330 1253 559 1306 intellegendi
577 1266 662 1296 sunt
678 1264 741 1305 qui
759 1264 931 1306 deinceps
947 1264 1139 1305 imperant.
1247 1266 1264 1296 3
1299 1263 1348 1296 Cf.
1374 1264 1494 1297 C.1.G.
1510 1265 1610 1306 3⁴22,
1626 1266 1755 1306 ⁴6sqq.

169 1322 228 1356 καὶ
252 1321 352 1356 δόντα
377 1321 424 1359 εἰς
449 1321 632 1366 ἐπισκευὴν
649 1324 709 1354 τοῦ
731 1321 877 1354 πετάσου
903 1323 963 1354 τοῦ
981 1319 1125 1366 θεάτρου
1153 1320 1296 1365 δηνάρια
1323 1320 1428 1366 μύριοι
1458 1321 1756 1364 (philadelphiae).

170 1381 286 1413 Varro
312 1380 410 1422 apud
434 1380 588 1412 Plinium
611 1379 691 1412 Nat.
719 1380 801 1411 hist.
826 1379 984 1420 XXXIV,
1004 1381 1046 1411 92
1073 1377 1126 1412 ita
1148 1377 1342 1422 fastiyatae
1365 1379 1585 1421 (pyramides
1607 1380 1644 1412 in
1670 1380 1756 1412 Por-
1823 1367 1832 1370 ”

173 1447 279 1470 senae
312 1437 492 1479 sepulcro)
523 1438 564 1470 ut
597 1435 640 1469 in
671 1446 819 1470 summa
850 1434 948 1469 orbis
978 1446 1111 1469 aeneus
1139 1438 1171 1469 et
1200 1438 1346 1481 petasus
1377 1435 1546 1470 omnibus
1578 1446 1676 1471 uuus
1707 1435 1757 1470 sit

172 1493 363 1538 inpositus.
406 1495 555 1527 Tectum
579 1494 778 1527 rotundum
803 1504 822 1527 a
847 1494 1083 1527 similitudine
1101 1494 1185 1536 pilei
1207 1495 1269 1527 lati
1287 1493 1431 1527 πέτασον
1457 1495 1629 1536 appellari
1646 1503 1757 1537 appa·
1855 1511 1858 1528 ι

172 1555 237 1585 ret.
278 1553 346 1585 Sed
363 1552 461 1594 quod
479 1553 515 1584 in
537 1552 640 1584 titulo
660 1551 938 1594 Philadelpheno
956 1550 1101 1595 θέατρον
1121 1551 1253 1583 odeum
1271 1552 1531 1594 interpretatur
1543 1552 1755 1595 Boeckhius,

172 1611 235 1652 qui
260 1611 385 1642 monet
417 1610 507 1642 odea
537 1609 716 1642 eiusmodi
747 1611 843 1642 tecta
876 1608 1093 1641 orbicularia
1124 1608 1296 1641 habuisse
1327 1610 1362 1641 et
1391 1609 1489 1641 haud
1521 1618 1604 1642 raro
1628 1606 1757 1653 θέατρα

171 1668 349 1710 appellata
373 1676 452 1700 esse
486 1668 599 1709 (Paus.
618 1668 642 1709 Ι,
663 1670 693 1709 8,
713 1670 731 1698 6
762 1668 822 1700 τοῦ
847 1664 992 1712 θεάτρου
1019 1665 1057 1699 δὲ
1088 1665 1105 1699 ὃ
1130 1664 1292 1699 καλοῦσιν
1319 1661 1451 1711 ᾠδεῖον.
1492 1665 1594 1708 Syll.²
1619 1669 1694 1709 454,
1714 1668 1753 1698 47

172 1735 255 1758 cum
272 1725 431 1758 Addend.
451 1727 558 1767 p.643
585 1727 644 1758 τοῦ
662 1723 805 1768 θεάτρου
822 1726 883 1757 τοῦ
901 1721 1178 1767 Παναθηναϊκοῦ.
1213 1724 1330 1757 C.1.G.
1343 1726 1428 1756 4740
1443 1724 1480 1766 Β,
1501 1726 1518 1755 3
1543 1723 1591 1760 εἰς
1608 1723 1647 1757 τὸ
1667 1722 1755 1769 ἱερὸν

170 1785 230 1816 τοῦ
255 1780 383 1816 Πυθίου
400 1778 612 1819 ’Λπόλλωνος
637 1780 685 1819 εἰς
710 1779 876 1825 θέατρον),
902 1781 938 1813 id
956 1781 1000 1814 ad
1018 1781 1209 1823 Ephesiam
1229 1782 1327 1813 certe
1349 1782 1622 1823 inscriptionem
1638 1782 1756 1814 trans-

172 1840 264 1872 ferre
289 1849 360 1872 non
385 1840 477 1882 licet,
511 1840 648 1882 quippe
673 1848 767 1881 quae
792 1840 828 1871 in
861 1840 940 1880 ipso
966 1839 1107 1871 theatro
1134 1847 1262 1880 magno
1296 1840 1440 1880 reperta
1473 1839 1528 1870 sit.
1577 1838 1618 1870 Id
1646 1839 1756 1880 igitur

172 1899 297 1930 contra
327 1898 568 1938 antiquiorem
604 1905 743 1930 morem
781 1898 919 1929 tectum
952 1896 1124 1929 habuisse
1160 1896 1394 1929 statuendum
1433 1898 1498 1928 est.
1621 1897 1639 1928 4
1673 1897 1755 1928 Sive

172 1954 326 1996 lapicida
350 1955 486 1986 erravit
510 1955 588 1986 sive
605 1954 794 1996 Woodius‚
820 1955 946 1996 utique
972 1953 988 1987 ὁ
1014 1952 1220 1998 προσκήνιος
1245 1953 1421 1986 Graecum
1447 1961 1526 1986 csse
1545 1953 1756 1994 incredibile

171 2014 237 2044 est.
278 2011 358 2043 Vox
384 2011 554 2052 ambigua
579 2011 667 2052 quid
692 2012 751 2043 hic
774 2012 1008 2053 potissimum
1034 2011 1210 2053 significet
1227 2011 1289 2043 vix
1313 2011 1431 2043 ausim
1455 2019 1521 2052 pro
1540 2013 1638 2044 certo
1663 2011 1755 2044 diiu-

171 2069 301 2101 dicare.
420 2072 438 2100 5
470 2068 608 2101 Nomen
634 2078 834 2110 perrarum,
862 2070 967 2102 cuius
984 2078 1098 2101 unum
1119 2068 1327 2110 exemplum
1352 2068 1503 2110 praebet
1526 2068 1635 2101 editio
1661 2077 1756 2101 nova

170 2126 331 2159 thesauri
357 2126 598 2167 Stephaniani,
631 2126 839 2167 Apollodor.
881 2127 1034 2159 Poliorc.
1060 2135 1094 2168 p.
1115 2127 1155 2158 42
1189 2124 1312 2170 γίνεται
1337 2122 1470 2170 βαθμὸς
1494 2125 1530 2158 τὸ
1557 2124 1754 2172 μεσόχωρον

171 2182 311 2228 πληρῶν
336 2183 394 2216 ’καὶ
420 2181 526 2220 οὕτως
552 2182 599 2219 εἰς
617 2183 654 2216 τὸ
681 2183 834 2228 διηνεκὲς
851 2183 887 2216 τὸ
907 2183 1052 2227 :compa
1077 2183 1179 2225 ἔΰται,
1205 2183 1269 2216 ubi
1286 2184 1405 2216 solum
1423 2184 1481 2215 vel
1503 2184 1754 2225 pavimentum

172 2241 367 2283 significari
391 2241 546 2273 videtur.
596 2241 720 2273 Utrum
746 2241 805 2273 hic
830 2235 1036 2274 orchestrae
1063 2242 1234 2283 planicies
1263 2243 1445 2274 constrata
1470 2250 1515 2273 an
1538 2250 1668 2274 scaena
1692 2241 1754 2274 ali-

173 2300 309 2341 quanto
344 2307 454 2340 supra
490 2299 587 2330 illam
625 2298 716 2331 elata
755 2299 982 2340 intellegatur
1018 2299 1174 2331 discerni
1210 2299 1271 2331 vix
1306 2299 1450 2341 poterit.
1568 2301 1586 2330 6
1617 2298 1754 2330 Vocem

173 2357 334 2389 Latinam
359 2365 564 2399 supparum
588 2356 644 2388 vel
670 2354 857 2399 siparium
882 2357 1004 2388 velum
1030 2356 1242 2398 significare,
1277 2357 1340 2389 sed
1370 2357 1420 2388 ita
1450 2358 1491 2388 ut
1523 2356 1583 2388 illa
1606 2355 1753 2396 quidem

171 2413 289 2446 forma
315 2414 358 2446 de
383 2414 465 2446 velo
492 2414 595 2446 navis
621 2415 657 2445 et
682 2414 725 2446 de
742 2415 959 2446 vestimento
984 2415 1118 2447 usitata
1144 2415 1200 2456 sit,
1227 2415 1315 2446 haec
1331 2423 1418 2446 vero
1443 2414 1552 2445 etiam
1577 2412 1623 2445 ad
1644 2421 1753 2445 usum

172 2472 380 2504 scaenicum
407 2473 555 2513 spectet,
589 2473 716 2503 notum
749 2474 813 2503 est.
865 2472 913 2504 Cf.
940 2472 1067 2513 Apulei
1093 2472 1234 2504 Metam.
1255 2472 1278 2513 1,
1297 2474 1334 2503 8:
1372 2468 1541 2503 aulaeum
1572 2467 1753 2513 traqiewm

171 2527 343 2563 dimoveto
367 2530 398 2561 et
420 2526 607 2571 siparium
629 2527 838 2562 scaenicum
863 2527 1082 2572 complicato.
1123 2529 1166 2570 X,
1186 2531 1245 2560 29:
1279 2526 1404 2560 aulaeo
1421 2525 1589 2560 subducto
1605 2528 1637 2559 et
1659 2537 1754 2560 com-

166 2585 308 2630 plicitis
331 2584 471 2629 siparis
494 2595 626 2619 scaena
650 2583 868 2628 disponitur.
920 2586 1050 2618 Paulus
1075 2586 1158 2627 epit.
1184 2585 1277 2617 Festi
1302 2593 1335 2626 p.
1356 2586 1431 2625 344,
1453 2586 1470 2615 4
1497 2584 1625 2616 Miiller
1653 2582 1753 2628 sipa-

171 2643 273 2678 riwm
294 2653 408 2688 yenus
431 2641 501 2676 veli
522 2641 726 2676 mimicum.
770 2644 888 2684 Ipsius
906 2644 997 2675 Festi
1024 2643 1271 2684 interpretatio
1290 2641 1487 2673 admodum
1506 2641 1669 2674 mutilata
1687 2644 1752 2684 est,

172 2702 236 2735 sed
261 2703 412 2744 apparet
435 2710 520 2733 eum
545 2698 732 2744 siparium
757 2710 780 2732 a
803 2710 961 2744 supparo
988 2700 1181 2732 derivasse.
1223 2699 1380 2731 Iuvenal.
1399 2698 1486 2740 vm,
1511 2701 1576 2730 485
1591 2706 1644 2740 sq.
1669 2708 1752 2732 cou-

171 2758 328 2803 sumptis
363 2757 490 2802 opibus
524 2768 651 2800 vocem,
687 2755 921 2801 Damasippa
964 2756 1091 2791 locasti
1123 2754 1275 2800 sipario,
1322 2755 1522 2789 clamosum
1557 2766 1679 2799 ageres
1713 2759 1753 2790 ut
1852 2798 1858 2807 .

172 2815 335 2851 Phasma
375 2814 517 2851 Catulli.
578 2816 628 2848 De
665 2816 872 2848 discrimine
909 2815 1024 2848 aulaei
1060 2817 1095 2847 et
1132 2815 1255 2857 siparii
1295 2814 1338 2847 cf.
1368 2815 1404 2846 L.
1433 2813 1660 2846 Friedlender
1695 2823 1751 2856 ap.
1847 2832 1858 2875 Α
