1858 3126
225 123 310 162 542
772 120 946 154 Addenda
969 122 1006 153 et
1029 120 1256 163 Corrigenda.

225 259 259 290 Ρ.
278 260 339 290 474
370 267 403 290 n.
422 260 476 299 97,
495 261 514 291 5
541 267 612 290 non
637 259 735 291 recte
760 267 780 290 a
804 267 863 290 me
882 253 1016 303 Ὀσόρῳ
1042 258 1163 301 scribi,
1188 260 1376 303 tamquam
1400 260 1432 292 si
1455 260 1515 293 hic
1537 260 1692 303 simplex
1714 261 1805 295 dati-

315 323 385 347 vus
410 315 488 357 (pro
509 310 662 359 Ὀσίριδι)
686 317 793 358 esset,
819 315 946 348 docuit
968 315 1133 348 Wilcken
1156 316 1290 349 Archiv
1306 316 1365 349 fiir
1380 317 1740 361 Papyrusforschung
1757 320 1804 352 111

314 381 349 414 p.
369 375 446 405 322.
487 372 578 405 Nam
603 382 677 406 non
702 373 812 406 modo
838 374 911 406 iota
927 374 1071 405 mutum
1095 374 1133 405 in
1157 373 1218 406 tali
1244 374 1365 407 dativo
1382 375 1457 407 tam
1473 375 1623 417 antiquo
1638 377 1804 418 tempore

316 430 496 462 omissum
522 430 711 463 offensioni
736 438 827 472 esse,
860 430 924 463 sed
944 425 1046 476 Ὀσορ
1072 431 1223 472 stirpem
1247 431 1298 464 ita
1321 431 1432 464 modo
1457 432 1578 465 locum
1602 433 1746 476 habere,
1771 434 1803 466 si

313 488 483 519 accentus
508 487 577 520 alia
601 488 714 530 stirpe
730 487 952 529 Aegyptiaca
975 496 1059 520 cum
1078 488 1228 521 Osiridis
1253 488 1399 521 nomine
1422 490 1627 532 composita
1651 491 1689 523 in
1710 491 1804 523 hane

313 552 333 576 a
350 543 407 576 dei
423 544 568 577 nomine
585 545 798 577 transiisset.
832 539 1122 590 ΩιιετθὌσορ-ώ,
1147 546 1169 578 i.
1183 554 1213 578 e.
1231 541 1355 578 ‘osiris
1371 542 1531 588 Magnus'
1546 547 1669 590 potius
1685 547 1803 590 legen-

313 601 400 633 dum
416 610 509 645 esse,
533 604 576 635 ut
591 599 768 646 Χνουμ-ώ,
785 598 942 646 Χνομ-ώ,
958 598 1121 646 Χνουβ-ώ
1138 598 1312 635 ‘Chnubls
1329 598 1498 644 Magnus’.
1539 603 1588 637 Cf.
1605 613 1640 637 n.
1654 607 1691 636 44
1702 607 1732 647 4,
1745 607 1802 639 24.

313 660 390 701 468,
411 661 463 691 32.
486 662 539 692 59.

220 726 253 758 P.
272 729 339 759 478
364 736 399 759 n.
416 729 494 769 402,
514 731 544 760 5.
592 727 796 760 Articulum
819 731 881 773 τῆς
904 727 1048 760 relativi
1072 728 1152 760 loco
1168 730 1389 771 usurpatum
1406 738 1523 771 neque
1546 730 1671 763 mirari
1695 729 1802 763 debe-

310 783 396 816 bam
432 793 550 826 neque
585 794 630 817 ex
659 785 790 818 Dorica
821 785 1066 818 Theraeorum
1103 785 1256 818 dialecto
1292 787 1468 828 repetere.
1515 786 1608 820 Nam
1637 787 1801 821 Wilcken

309 841 443 874 Archiv
459 841 519 874 fiir
534 842 898 884 Papyrusforschung
914 843 961 874 ΙΙΙ
985 851 1019 884 p.
1040 844 1104 874 322
1130 851 1209 875 eam
1230 851 1307 875 rem
1333 843 1369 875 in
1393 844 1544 886 papyris
1568 843 1801 886 perfrequen-

308 899 383 930 tem
408 906 488 930 esse
512 899 655 931 monuit
677 908 885 941 provocans
916 899 962 937 ad
985 899 1019 931 F.
1038 899 1183 932 Volkeri
1208 900 1553 933 commentationem
1577 901 1714 943 syntax
1737 901 1802 934 der

309 955 557 996 griechischen
581 957 724 998 Papyri.
756 957 781 988 I.
806 956 878 988 Der
896 956 1044 988 Artikel.
1084 956 1354 989 Jahresbericht
1376 956 1440 990 des
1463 957 1801 1000 Realgymnasiums

308 1021 354 1044 zu
370 1012 533 1046 Miinster
555 1013 592 1045 in
609 1012 806 1046 Westt'alen
831 1015 919 1045 4902
944 1022 979 1055 p.
999 1016 1029 1045 6.
1052 1030 1100 1036 -
1122 1012 1262 1045 Ibidem
1285 1022 1319 1046 v.
1338 1015 1380 1046 ⁴4
1406 1011 1567 1060 μαχίμων
1591 1015 1801 1049 Wllckenus

307 1070 387 1102 iure
422 1079 482 1102 me
517 1071 751 1112 vituperavit,
787 1070 888 1112 quod
925 1069 969 1102 de
1005 1068 1166 1115 μαχίμων
1203 1071 1360 1103 nominis
1392 1071 1430 1104 vi
1464 1080 1537 1104 non
1571 1072 1660 1105 satis
1695 1074 1800 1106 caute

307 1127 541 1169 P.M.Meyeri
557 1128 766 1169 opinionem
782 1128 930 1160 secutus
947 1135 1076 1169 essem,
1102 1127 1303 1160 luculenter
1317 1127 1416 1161 illam
1433 1128 1581 1170 quidem
1605 1128 1798 1162 refutatam

307 1193 327 1216 a
350 1184 545 1217 Wilhelmo
570 1184 759 1226 Schubart,
791 1184 1023 1225 quaestiones
1057 1184 1101 1217 de
1132 1184 1242 1217 rebus
1276 1184 1494 1218 militaribus
1517 1185 1643 1227 quales
1667 1185 1801 1219 fuerint

305 1242 341 1273 in
378 1251 488 1282 regno
519 1242 745 1283 Lagidarum‚
773 1242 858 1274 diss.
884 1241 1075 1274 Vratislav.
1102 1244 1200 1284 4900,
1238 1243 1274 1274 et
1310 1251 1331 1274 a
1367 1241 1557 1275 Greni'ellio
1592 1242 1799 1286 nuntioque

306 1298 478 1331 Tebtunis
503 1300 635 1341 papyri
660 1308 694 1341 p.
715 1301 790 1331 552.

214 1367 247 1399 P.
269 1370 330 1399 480
358 1377 391 1400 n.
412 1370 475 1400 403
501 1369 574 1400 not.
593 1369 625 1400 4.
672 1367 881 1409 Aegyptum
906 1367 1197 1400 Ptolemaeorum
1231 1369 1348 1400 aetate
1370 1367 1534 1401 nondum
1557 1368 1595 1400 in
1617 1369 1692 1401 tres
1715 1377 1798 1411 par-

303 1427 358 1457 tes
381 1425 536 1457 divisam
561 1425 673 1457 fuisse
698 1426 839 1457 certum
864 1426 930 1466 est,
955 1425 996 1457 ut
1012 1425 1148 1466 Meyeri
1172 1425 1350 1458 sententia
1373 1424 1418 1457 de
1433 1426 1531 1458 terra
1553 1434 1575 1458 a
1590 1425 1796 1459 Ptolemaeo

304 1482 491 1523 Epiphane
514 1483 551 1514 in
575 1483 650 1514 tres
675 1482 925 1523 epistrategias
951 1481 1145 1514 distributa
1174 1481 1259 1514 ferri
1290 1483 1455 1523 nequeat.
1496 1481 1532 1515 U.
1549 1481 1712 1515 Wilcken
1737 1482 1796 1518 Gr,

304 1539 455 1571 Ostraka
479 1540 493 1570 I
517 1548 551 1580 p.
571 1540 648 1570 423.
688 1538 822 1571 Archiv
846 1539 906 1572 fiir
929 1539 1291 1581 Papyrusforschung
1315 1539 1359 1571 111
1384 1548 1418 1581 p.
1439 1541 1515 1571 342.
1536 1541 1612 1572 323.

211 1608 245 1640 P.
266 1610 330 1640 485
357 1617 391 1640 n.
411 1610 475 1639 406
501 1609 575 1640 not.
594 1610 624 1639 6.
674 1605 861 1651 εἰσαγωγέα
885 1617 957 1640 non
981 1608 1092 1640 fuisse
1116 1608 1322 1650 praesidem
1345 1608 1662 1641 chromatistarum
1685 1608 1795 1641 etiam

303 1665 557 1698 Gradenwitzii
591 1664 725 1696 Archiv
749 1664 808 1696 fiir
831 1664 1193 1706 Papyrusforschung
1219 1665 1264 1696 111
1294 1673 1329 1706 p.
1357 1666 1399 1698 25
1436 1666 1473 1697 et
1495 1663 1672 1697 Wilckeni
1707 1663 1794 1699 ibid.

302 1731 336 1764 p.
357 1724 420 1754 323
447 1721 624 1755 sententia
648 1722 714 1753 est.

209 1792 244 1824 P.
265 1794 321 1824 494
354 1801 388 1824 n.
408 1793 485 1832 444,
503 1793 557 1823 46.
606 1790 675 1822 Pro
702 1786 899 1834 [ὁρ]οφῦλαξ
922 1790 1030 1821 etiam
1057 1789 1100 1821 de
1125 1787 1347 1833 [ὁρμ]οφύλαξ
1371 1790 1435 1822 aut
1458 1787 1670 1835 [ὀρε]οφύλαξ
1697 1789 1793 1830 eogi-

302 1849 371 1881 tari
395 1856 504 1890 posse
529 1847 700 1880 observat
724 1846 759 1879 U.
775 1846 939 1878 Wilcken
962 1846 1095 1878 Archiv
1120 1845 1179 1878 fiir
1203 1845 1565 1887 Papyrusforschung
1588 1846 1636 1878 III
1658 1854 1693 1888 p.
1713 1847 1791 1888 823,

301 1907 336 1938 et
359 1906 452 1938 hanc
477 1905 710 1947 potissimum
735 1905 958 1945 postremam
983 1902 1262 1945 appellationem
1287 1902 1469 1943 praefecto
1494 1902 1640 1934 militari
1656 1902 1791 1944 Syenes

299 1962 458 2004 perbene
502 1961 695 1994 convenire
731 1961 889 2002 adnotat,
927 1960 1013 2002 quia
1047 1960 1147 2001 regio
1186 1958 1328 1991 deserta
1368 1959 1404 1990 et
1440 1959 1634 1991 montuosa
1675 1967 1791 2001 prope

300 2019 441 2060 Syenen
467 2018 521 2059 (cf.
547 2028 579 2050 n.
602 2021 674 2059 468,
693 2019 734 2049 40
762 2015 817 2049 ἐπὶ
839 2019 899 2049 τοῦ
924 2014 1013 2049 ’κατὰ
1039 2013 1176 2060 Συήνην
1202 2013 1312 2060 ὄρους)
1342 2014 1438 2047 illius
1461 2015 1617 2056 imperio
1643 2014 1791 2048 subdita
1857 2047 1858 2058 2

298 2076 415 2108 ruerit.
456 2076 588 2107 Contra
612 2075 853 2106 terminorum
880 2071 990 2118 (ὅρων)
1016 2073 1236 2105 mentionem
1262 2071 1346 2104 hinc
1370 2071 1590 2114 alieniorem,
1612 2073 1788 2116 'quoniam

298 2134 387 2165 tunc
429 2132 551 2173 ipsum
595 2131 696 2171 regni
731 2130 820 2162 fines
857 2129 901 2161 ad
940 2129 1129 2161 meridiem
1167 2128 1282 2161 multo
1322 2128 1417 2161 ultra
1456 2129 1598 2170 Syenen
1628 2129 1788 2171 prolatos
1857 2121 1858 2124 ¹

298 2198 378 2222 esse
410 2188 538 2221 titulus
568 2188 705 2220 doceat.
754 2186 814 2219 Vs.
833 2188 874 2217 20
910 2186 993 2230 [τῆ]ς
1018 2183 1274 2228 [πεντεφ]υλιάς,
1308 2187 1371 2218 aut
1400 2187 1442 2218 ut
1464 2185 1522 2221 W.
1540 2186 1622 2218 Otto
1654 2194 1788 2228 propo-

297 2247 420 2289 suerit,
445 2246 595 2288 propter
620 2244 727 2286 spatii
751 2244 935 2285 angustias
957 2243 1078 2284 potius
1103 2233 1142 2284 [ε’
1159 2241 1294 2287 φ]υλίας
1321 2242 1372 2284 (ut
1388 2233 1433 2286 ιβ’
1449 2240 1584 2288 σχοίνου
1609 2245 1736 2285 malo,
1753 2245 1787 2285 5,
1857 2287 1858 2290 Ἴ

295 2304 360 2336 ubi
385 2303 501 2345 ipsius
525 2293 552 2334 e'
569 2299 690 2346 φυλίας
714 2301 916 2342 scripturae
947 2300 1154 2342 exemplum
1181 2300 1285 2332 attuli
1315 2309 1360 2332 ex
1383 2308 1525 2342 papyro
1551 2299 1785 2342 Londinensi),
1849 2319 1853 2330 2

297 2360 541 2403 supplendum
566 2367 646 2391 esse
671 2357 793 2390 docuit
809 2357 984 2389 Wilcken.
1025 2357 1187 2398 Denique
1211 2357 1308 2389 idem
1333 2365 1451 2389 meam
1476 2356 1632 2389 nominis
1656 2353 1784 2399 Χνομὼ

295 2416 427 2462 Νεβιὴβ
452 2417 783 2459 interpretationem
809 2417 981 2457 correxit;
1016 2425 1098 2448 nam
1127 2411 1301 2448 ‘Chnubis
1325 2410 1487 2456 magnus'
1519 2422 1611 2447 voce
1638 2410 1784 2456 xvop-‹ff-

296 2475 499 2517 significari,
530 2474 692 2507 additum
722 2481 809 2506 vero
835 2469 969 2516 Νεβιήβ
994 2468 1174 2505 ‘dominus
1198 2466 1464 2514 Elephantines'
1488 2479 1576 2503 esse.
1622 2469 1785 2512 Denique

294 2542 329 2565 v.
350 2535 390 2564 30
417 2541 483 2574 pro
508 2529 704 2575 [βασιλικ]ὸν
728 2528 832 2572 νόμον
858 2528 1066 2562 Wilckenus
1092 2529 1230 2562 mavolt
1252 2526 1449 2570 [συνοδικβν
1473 2525 1590 2570 νόμον,
1621 2527 1706 2567 quia
1729 2526 1782 2558 in—

294 2589 466 2622 credibile
491 2589 523 2620 ei
547 2587 701 2629 videtur,
727 2587 770 2619 de
795 2587 903 2618 huius
929 2587 1130 2619 sodalitatis
1147 2586 1244 2618 feriis
1267 2585 1383 2626 legem
1404 2583 1542 2624 regiam
1557 2583 1666 2615 latam
1690 2590 1780 2615 esse.

294 2647 363 2680 Sed
394 2655 475 2679 mea
505 2645 652 2687 quidem
683 2644 860 2676 sententia
893 2652 966 2675 non
1004 2643 1047 2675 de
1078 2643 1186 2675 huius
1222 2641 1423 2675 sodalitatis
1452 2635 1562 2672 rehu's
1592 2639 1781 2681 speciatim

293 2704 366 2737 lata
389 2704 467 2736 erat
490 2702 550 2735 illa
573 2702 641 2743 lex,
667 2701 730 2734 sed
756 2700 870 2732 multo
895 2700 1002 2732 latius
1027 2699 1174 2741 patebat
1198 2707 1281 2731 cum
1306 2698 1368 2739 eis,
1402 2697 1464 2738 qui
1488 2696 1660 2738 privatim
1684 2695 1780 2736 regis

293 2761 430 2794 natales
463 2760 575 2793 sacris
606 2757 827 2791 sollennibus
858 2756 958 2789 obire
982 2757 1125 2798 vellent,
1156 2755 1199 2788 de
1223 2755 1362 2788 ratione
1386 2755 1421 2786 et
1450 2753 1576 2785 ordine
1606 2753 1779 2785 caerimo-

292 2817 435 2848 niarum
460 2814 633 2847 nonnulla
657 2814 849 2856 praecepta
873 2812 983 2844 daret.
1023 2812 1148 2844 Utrum
1167 2810 1346 2844 eiusmodi
1370 2810 1484 2850 legem
1510 2808 1646 2850 regiam
1670 2807 1780 2840 fuisse

293 2872 482 2914 probabile
506 2873 554 2904 sit
578 2873 656 2903 tum
673 2871 709 2903 in
725 2870 890 2912 Aegypto
907 2877 1030 2910 necne,
1055 2877 1140 2901 sane
1165 2877 1238 2901 non
1261 2867 1333 2900 mei
1349 2865 1472 2905 iudicii
1497 2867 1563 2898 est.
1598 2864 1651 2897 Ex
1667 2865 1777 2897 altera
