1858 3126
251 163 335 204 690

251 298 442 334 πανώλεια·
477 298 658 343 ἐπαρῶμαι
686 317 733 323 -
762 296 920 338 ἐξώλειαν
950 299 1009 333 καὶ

296 355 487 390 πανώλειαν
513 356 591 399 532,
611 362 650 389 31

249 413 387 451 πάππος
418 413 498 457 402,
523 420 554 447 8.
605 411 832 459 συνκλητικοῦ
869 411 1006 446 πάππον

297 471 376 514 528,
397 477 449 505 14.
488 470 616 516 πατέρα
631 468 690 504 καὶ
706 468 844 503 πάππον
863 468 1008 514 συνκλη-

294 532 397 562 τικῶν
424 527 502 571 549,
523 534 539 562 7

249 583 474 630 παπυροειδὲς
499 588 669 630 σκῆπτρον
696 584 750 626 56,
770 589 809 618 63

249 640 464 687 παραβαίνω·
499 640 562 686 τὴν
594 641 698 685 τιμὴν
722 640 785 686 τὴν
815 642 888 677 τοῖς
912 638 1007 676 θεοῖς

295 696 521 743 ὀφειλομένην
572 696 789 743 παραβαίνειν
841 697 918 740 569,
954 703 1006 730 19.

295 754 496 800 παραβάντα
529 752 715 799 (Προυσίαν)
746 753 806 792 τὰς
840 753 897 788 διὰ
921 749 1007 788 Ῥω-

297 811 406 856 μαίων
442 811 626 857 γενομένας
662 810 836 856 συνθήκας
876 811 953 854 327,
974 818 1006 844 4.

296 868 353 902 ἐάν
383 880 435 906 τις
457 887 504 892 -
533 867 684 913 πόλεμον
718 867 862 916 ἐπιφέρῃ
892 866 916 912 ἢ
945 867 1006 905 τὰς

296 924 468 971 συνθήκας
484 925 620 973 παραβῇ
646 924 725 969 762,
740 932 771 959 3.
811 924 842 959 εἴ
863 937 900 971 γε
926 924 1005 970 οἱῳ-

295 983 413 1028 δήπως
436 981 552 1028 τρόπῳ
576 980 818 1027 παραβαθῶσιν
851 982 884 1016 οἱ
906 980 1006 1016 τύποι

294 1045 356 1086 τῆς
379 1038 552 1085 ἡμετέρας
575 1037 748 1084 εὐσεβείας
773 1039 852 1082 521,
872 1046 889 1072 5

248 1095 428 1142 παραβολή
438 1106 446 1114 ·
463 1094 665 1133 ἀποσταλεὶς
681 1094 747 1129 ὑπὸ
763 1098 824 1129 τοῦ
839 1094 1006 1140 βασιλέως

294 1152 507 1199 Πτολεμαίου
526 1151 581 1186 ἐπὶ
599 1153 638 1186 τὸ
650 1152 710 1190 τὰς
727 1151 925 1199 παραβολὰς
936 1157 1004 1186 τῶν

295 1211 397 1245 δικῶν
421 1210 606 1256 λαμβάνειν
634 1211 691 1253 41,
711 1218 728 1243 5

247 1268 488 1314 παραβώμιον·
511 1262 591 1313 ᾆσαι
612 1266 691 1305 τοὺς
709 1265 910 1311 ἐλευθέρους
927 1269 1006 1300 παῖ-

295 1326 355 1364 δας
386 1324 609 1370 παραβώμιον
639 1323 716 1367 309,
738 1331 767 1358 8.
811 1321 869 1357 ἵνα
898 1323 936 1357 δὲ
960 1342 1005 1348 -

295 1381 360 1416 ὕπὸ
386 1382 448 1427 μὲν
477 1386 544 1415 τῶν
575 1379 705 1415 παίδων
730 1373 852 1426 ᾆδηται
874 1381 913 1414 τὸ
941 1392 1004 1414 πα-

296 1438 471 1484 ραβώμιον
497 1439 574 1481 309,
597 1446 633 1471 11
716 1473 718 1476 ⁴

246 1494 488 1542 παραγγέλλω·
512 1495 571 1529 καὶ
586 1498 644 1528 νῦν
662 1494 777 1532 αὐτοῖς
803 1495 886 1537 (τοῖς
908 1493 1004 1540 ἐγλο-

294 1552 434 1598 γισταῖς)
458 1550 684 1597 παραγγέλλω
701 1551 809 1596 μηδὲν
827 1550 861 1589 ἐξ
879 1550 1004 1595 ὁμοιώ-
1037 1532 1042 1586 Ι

296 1621 401 1654 ματος
426 1608 623 1655 ἐπιγράφειν
649 1608 726 1652 669,
743 1614 782 1642 52

248 1665 477 1713 παραγράφω·
503 1664 559 1698 διὰ
580 1665 619 1699 τὸ
644 1665 772 1704 πάντας
789 1666 899 1700 αὐτῶν
924 1667 1002 1709 (τῶν

295 1723 506 1770 ἐγλογιστῶν)
537 1721 709 1767 καταβοᾶν
735 1721 791 1757 ἐπὶ
819 1724 872 1769 τῷ
895 1734 1004 1769 παρα-

292 1780 434 1828 γράφειν
459 1779 582 1817 αὐτοὺς
606 1778 751 1814 πλεῖστα
774 1780 814 1814 ἐκ
828 1783 892 1824 τῆς
918 1779 1004 1818 ἰδίας

294 1836 476 1882 ἐπιθυμίας
501 1837 579 1880 669,
599 1844 651 1871 51.
697 1836 755 1871 ἐάν
778 1849 810 1870 τι
838 1835 1004 1881 εὑρεθῶσι

293 1894 416 1940 ψευδὲς
445 1893 468 1938 ἢ
498 1893 591 1939 παρὰ
618 1893 657 1927 τὸ
690 1892 766 1927 δέον
791 1904 1003 1941 παραγεγρα-

294 1952 396 1998 φότες
435 1951 513 1994 669,
545 1958 598 1985 54.
653 1951 736 1997 πρὸς
776 1949 1003 1996 συκοφαντίας

291 2013 360 2041 τῶν
395 2007 484 2042 κατὰ
519 2007 654 2052 σύνοψιν
687 2006 1002 2054 παραγραφομένων

293 2065 371 2107 669,
391 2071 430 2097 58

245 2121 475 2166 παράδειγμα·
511 2121 558 2157 ὡς
591 2120 638 2165 μὴ
672 2118 793 2165 ῥᾳδίως
820 2119 1003 2166 ἀνάγεσθαί

291 2190 383 2216 τινας
405 2178 453 2223 τῷ
475 2175 721 2222 παραδείγματι
746 2177 822 2220 508,
838 2184 854 2211 8
918 2203 921 2206 A

245 2233 508 2280 παραδείκνυμι·
534 2232 734 2277 παραδεῖξαι
757 2230 930 2279 Ἀρριδαίῳ
953 2234 1004 2279 τῷ

291 2292 527 2336 οἰκονομοῦντι
564 2289 608 2324 τὰ
647 2287 821 2335 Λαοδίκης
864 2290 926 2335 τήν
965 2302 1001 2323 τε

290 2350 413 2393 κώμην
457 2346 532 2381 κτλ.
578 2346 657 2389 225,
686 2352 739 2380 20.
802 2346 1002 2392 παραδεῖξαι

289 2402 528 2451 Ἀριστοδικίδῃ
552 2421 601 2428 ο-
623 2403 667 2437 τὰ
698 2402 846 2450 δισχίλια
868 2401 1002 2447 πλέθρα

290 2461 369 2504 221,
388 2467 441 2494 22.
482 2459 683 2506 παράδειξον
709 2459 814 2505 αὐτὴν
839 2459 912 2505 (τὴν
934 2457 1000 2493 Πέ-

289 2518 381 2562 τραν)
404 2516 463 2551 καὶ
485 2516 547 2561 τὴν
572 2517 656 2562 πρὸς
678 2515 764 2563 αὐτῇ
783 2517 899 2562 χώραν
916 2512 1000 2561 Ἀρι-

290 2572 462 2619 στοδικίδῃ
487 2573 565 2615 221,
586 2580 639 2607 39.
684 2571 884 2618 παραδεῖξαι
908 2572 1000 2619 αὐτῷ

290 2629 438 2678 δισχίλια
460 2629 594 2674 πλέθρα
618 2630 696 2672 221,
714 2630 841 2664 4285.
891 2641 998 2676 παρα-

291 2686 469 2734 δειχθῆναι
481 2685 574 2731 αὐτῷ
584 2686 627 2720 τὰ
637 2685 694 2720 ἴσα
707 2685 840 2731 πλέθρα
856 2686 934 2729 221,
946 2694 996 2720 55.

287 2744 375 2779 κατὰ
386 2743 429 2778 τὰ
442 2743 519 2790 ὅρια
529 2742 573 2778 τὰ
583 2742 854 2789 παραδειχθέντα
867 2743 945 2787 225,
956 2751 995 2778 50

242 2800 438 2848 παράδεισοι
462 2802 517 2844 90,
538 2808 577 2835 15

241 2857 445 2902 παράδοξος·
480 2857 657 2896 κινδύνους
689 2856 860 2904 μεγάλους
890 2868 997 2901 παρα-

289 2913 394 2953 δόξως
420 2913 573 2960 διέφυγεν
599 2914 677 2958 383,
697 2920 736 2948 20

988 163 1139 197 Indices.

1079 298 1278 346 παράθεσις·
1315 298 1431 335 ὅπλων
1454 312 1492 335 τε
1520 300 1706 348 παραθέσει
1735 301 1833 347 δαψι-

1123 355 1266 402 λεστέρᾳ
1288 357 1347 391 καὶ
1370 358 1412 405 τῇ
1437 356 1527 404 ἄλλῃ
1550 357 1698 406 χορηγίᾳ
1720 360 1775 403 90,
1790 365 1831 392 22

1078 411 1264 459 παραθήκη
1291 414 1366 457 199,
1387 421 1426 448 38

1078 469 1303 516 παραθυρίδες
1328 470 1406 515 300,
1426 477 1442 504 3

1078 526 1269 572 παραιρέω·
1308 526 1482 573 παρήλετο
1516 527 1559 562 τὰ
1598 526 1688 562 ὅπλα
1722 528 1755 571 8,
1781 534 1832 563 42.

1123 582 1357 629 παρελόμενος
1372 584 1416 619 τὰ
1432 583 1523 620 ὅπλα
1546 585 1578 628 8,
1595 593 1624 619 7.
1647 610 1653 613 -
1667 583 1834 630 ὑποστρα-

1124 640 1246 687 φέντας
1276 640 1314 675 δὲ
1342 640 1422 679 τοὺς
1452 640 1657 679 ἐκπεσόντας
1682 639 1833 687 Σαμίους

1124 697 1331 744 παρελέσθαι
1367 698 1430 743 τὴν
1469 699 1587 746 χώραν
1626 697 1736 733 αὐτῶν
1779 700 1834 742 13,

1126 760 1180 791 21.
1199 761 1239 788 22

1077 810 1317 858 παραιτέομαι·
1355 810 1414 845 ἐάν
1438 823 1489 850 τις
1518 811 1664 859 ἄπεργος
1697 813 1834 858 γένηται

1121 866 1145 912 ἢ
1170 867 1422 914 παραιτήσηται
1446 869 1597 912 266,11.
1642 869 1704 904 οὐκ
1721 869 1833 904 εὐκαι-

1123 930 1202 971 ρῶν,
1234 924 1324 959 ἀλλὰ
1345 925 1403 960 καὶ
1425 925 1506 964 τοὺς
1529 925 1656 965 ἄλλους
1680 938 1833 974 παρῃτη-

1124 981 1226 1026 μένος
1251 981 1308 1016 διὰ
1336 982 1376 1017 τὸ
1406 982 1551 1028 μηδέπω
1582 982 1833 1030 καθεστηκέναι

1122 1038 1166 1072 τὰ
1188 1037 1370 1085 πράγματα
1395 1040 1533 1083 771,18

1076 1094 1303 1142 παρακαλέω·
1337 1095 1376 1129 τὸ
1414 1095 1567 1141 δευτερον
1599 1095 1832 1144 παρακληθεὶς
1853 1113 1858 1121 .

1121 1156 1419 1200 γυμνασιαρχῆσαι
1442 1153 1520 1196 339,
1541 1160 1580 1188 53
1625 1176 1631 1182 ‹

1076 1208 1351 1256 παραλαμβάνω
1377 1208 1559 1254 βασιλείας,
1580 1209 1624 1255 ἣν
1640 1209 1858 1258 παρέλαβεν
1849 1210 1858 1236 4

1122 1266 1214 1312 παρὰ
1242 1268 1303 1300 τοῦ
1332 1266 1459 1311 πατρὸς
1483 1265 1586 1301 αὐτοῦ
1615 1268 1677 1311 90,
1689 1274 1720 1302 8.
1763 1263 1858 1313 τὰμὲ

1124 1322 1293 1368 βασιλείαν
1323 1322 1514 1370 παρέλαβον
1544 1324 1578 1366 4,
1598 1332 1628 1358 5.
1647 1331 1678 1359 6.
1723 1334 1832 1370 παρα·
1844 1316 1858 1381 {J

1122 1379 1236 1425 λαβὼν
1267 1379 1359 1426 παρὰ
1385 1383 1446 1414 τοῦ
1482 1381 1609 1428 πατρὸς
1637 1381 1700 1427 τὴν
1737 1380 1853 1434 βασι
1841 1375 1858 1409 ἶ

1122 1435 1215 1471 λείαν
1239 1437 1295 1480 54,
1313 1443 1342 1470 6.
1362 1445 1392 1470 ’1.
1433 1436 1482 1476 εἰς
1505 1437 1568 1483 τὴν
1591 1437 1749 1484 πέμπτην
1772 1438 1848 1473 καὶ

1123 1492 1245 1527 εἰκάδα
1265 1496 1326 1527 τοῦ
1350 1492 1454 1528 αὐτοῦ
1481 1493 1600 1540 μηνός,
1627 1494 1662 1529 ἐν
1685 1494 1723 1540 ἧι
1746 1506 1832 1540 παρ-

1122 1549 1244 1595 έλαβεν
1274 1550 1337 1594 τὴν
1368 1549 1539 1594 βασιλείαν
1567 1551 1658 1599 παρὰ
1681 1555 1742 1586 τοῦ
1766 1563 1831 1586 πα-

1121 1607 1199 1652 τρός
1235 1607 1290 1650 56,
1316 1614 1346 1642 6.
1381 1607 1437 1651 90,
1462 1615 1516 1644 47.
1575 1607 1831 1656 παραλαβόντος

1121 1663 1183 1709 τὴν
1208 1662 1377 1709 βασιλείαν
1394 1664 1487 1711 παρὰ
1501 1667 1563 1700 τοῦ
1586 1664 1711 1711 πατρός
1735 1666 1791 1709 90,
1810 1673 1827 1700 1

1075 1720 1276 1767 παραλείπω
1285 1730 1294 1739 ·
1316 1720 1360 1755 τὰ
1370 1720 1670 1767 παραλελειμμένα
1681 1721 1746 1756 ὑπὸ
1761 1726 1828 1756 τῶν

1121 1777 1283 1823 πρότερον
1307 1776 1455 1825 ἀρχείων
1480 1779 1558 1822 267,
1579 1786 1608 1813 8.
1653 1778 1712 1814 ἐὰν
1736 1779 1774 1813 δὲ
1797 1778 1830 1813 οἱ

1120 1833 1284 1882 ἄρχοντες
1297 1852 1346 1861 -
1359 1839 1426 1869 τῶν
1449 1834 1690 1881 ἐψηφισμένων
1711 1847 1744 1869 τι
1767 1847 1830 1871 πα·

1121 1890 1305 1935 ραλίπωσιν
1331 1891 1409 1935 515,
1430 1899 1468 1925 41

1074 1946 1331 1993 παραλήμπτης
1364 1952 1427 1994 τῆς

1121 2004 1198 2047 202,
1220 2012 1237 2037 4

1074 2060 1270 2106 παράληψις
1309 2064 1371 2104 τῆς
1411 2060 1599 2104 βασιλείας·
1647 2062 1730 2107 πρὸς
1765 2062 1826 2107 τὴν

1119 2116 1305 2162 πανήγυριν
1321 2120 1384 2163 τῆς
1400 2116 1632 2164 παραλήψεως
1653 2122 1715 2164 τῆς
1733 2117 1827 2164 βασι-

1452 1945 1624 1993 Ἐρυθρᾶς
1653 1947 1828 1996 θαλάσσης

1119 2172 1211 2210 λείας
1235 2173 1290 2216 90,
1311 2181 1340 2208 7.
1387 2174 1431 2209 τὰ
1454 2173 1671 2219 προσήκοντα
1697 2174 1826 2221 νόμιμα

1117 2230 1160 2276 τῇ
1185 2229 1381 2276 παραλήψει
1411 2234 1474 2276 τῆς
1499 2229 1667 2276 βασιλείας
1699 2232 1754 2276 90,
1772 2237 1824 2267 28

1117 2285 1160 2320 τὰ
1183 2286 1386 2332 νομιζόμενα
1401 2288 1446 2335 τῇ
1461 2286 1660 2333 παραλήψει
1681 2291 1744 2334 τῆς
1767 2286 1825 2334 βαν

1119 2342 1243 2381 σιλείας
1267 2344 1322 2387 90,
1341 2351 1382 2379 45
1759 2388 1763 2389 ⁷

1071 2399 1183 2446 παραλ
1175 2400 1336 2445 ιμπάνω·
1402 2400 1720 2446 παραλιμπάνοντες
1790 2420 1795 2428 ι

1117 2457 1314 2504 λεωφόρους
1339 2458 1437 2496 ὁδους
1461 2458 1538 2501 519,
1560 2465 1598 2492 18
1816 2495 1818 2497 ,
1857 2489 1858 2494 ,

1071 2514 1355 2560 παραλογίζομαι·
1404 2513 1554 2553 δαπάνας
1590 2513 1728 2552 ἀδίκους
1856 2506 1858 2562 J

1116 2570 1422 2618 παραλογισθείσας
1447 2571 1525 2614 665,
1546 2578 1586 2605 15
1797 2617 1821 2621 ἦ

1070 2628 1279 2674 παράλογος·
1309 2627 1422 2662 πολλὰ
1450 2627 1508 2661 καὶ
1537 2626 1712 2674 παράλογα
1739 2622 1824 2663 ota-⁸

1116 2685 1238 2730 βαίνειν
1264 2686 1295 2729 5,
1310 2691 1362 2719 20.
1404 2683 1436 2717 εἰ’
1458 2696 1532 2718 τινα
1547 2684 1738 2728 πέπρακται
1778 2703 1783 2709 ·

1115 2742 1267 2789 ραλόγως
1293 2741 1371 2784 665,
1390 2747 1429 2775 33
1795 2779 1797 2781 K
1834 2766 1837 2777 2

1068 2798 1234 2844 παραλύω
1265 2797 1303 2832 δὲ
1333 2796 1392 2830 καὶ
1415 2794 1554 2842 Εὐμένη
1583 2797 1640 2831 τὸν
1663 2794 1812 2832 Ἀττάλ

1113 2858 1172 2890 τοῦ
1209 2854 1311 2899 ὅρκου
1348 2854 1426 2896 266,
1457 2860 1509 2887 46.
1574 2852 1719 2893 ἀποδεξά
1780 2835 1833 2913 Ξ

1112 2913 1174 2958 τὴν
1227 2911 1330 2956 τιμὴν
1382 2913 1444 2955 τῆς
1497 2909 1649 2955 δαπάνης
1700 2908 1799 2944 αὐτο

1793 2963 1806 2977 .
