1858 3126
162 79 244 120 156
397 78 486 110 VIII.
523 78 669 119 Imperii
693 77 844 110 Romani
868 77 1077 119 provinciae
1102 78 1306 110 orientales.
1355 81 1385 111 l.
1409 78 1504 112 Asia.
1613 79 1735 120 [544-

248 226 334 270 511
377 229 559 269 Aezanis.
617 229 688 268 Ed.
729 229 859 268 Lebas
894 229 1017 268 Inscr.
1046 229 1111 281 III,
1140 229 1221 268 992
1260 228 1305 282 (J.
1336 229 1465 268 Franz
1502 229 1543 269 C.
1571 230 1599 269 I.
1630 229 1675 269 G.
1704 231 1739 269 II

157 298 353 338 Addenda
381 310 422 350 p.
450 298 558 337 ⁴060
589 309 629 336 n.
654 297 756 336 383⁴
776 297 853 349 αθ).

272 435 519 442 ----------
552 409 558 467 Ι
598 409 1075 468 χρεω[φυλακήσαν]Ιτα1,
1122 411 1242 452 δόντα
1287 410 1503 466 [ἀργύριον]
1545 410 1550 466 Ι
1592 411 1649 459 εἰς
1693 411 1736 454 τὸ

228 492 247 523 5
273 479 506 537 γυμνάσιΙον
545 481 693 535 ὁμοίως
722 479 792 522 καὶ
822 480 879 527 εἰς
909 479 920 536 ΙΙ
949 477 999 521 τὰ
1033 477 1259 534 σειτωνικά,
1292 478 1697 537 ἐρΙγεπιστατὴσαντα
1731 481 1735 537 Ι

205 561 246 593 10
273 548 478 604 πολλάκις,
515 550 789 606 παραΙσχόντα
828 554 885 604 τῷ
921 549 1047 605 κυρίῳ
1081 548 1085 604 Ι
1118 547 1330 605 Καίσαρι2
1360 548 1572 606 σύμμαχον
1602 548 1615 606 ΙΙ
1645 550 1739 591 διω-

272 619 465 675 γμείτην3
493 615 584 675 παρ’
620 618 775 674 ἑΙαυτοδ
805 615 910 659 κατὰ
943 617 1181 674 ἀνθύΙπατον
1215 616 1440 660 Κυιντίλιον
1474 616 1479 674 Ι
1513 617 1736 675 Μάξιμον4,

204 696 244 730 15
273 688 473 730 ἀναθέντα
506 687 511 744 Ι
543 687 612 730 καὶ
642 685 693 730 τὰ
728 684 816 744 ἱερὰ
848 685 899 728 τὰ
932 688 971 729 ἐν
1004 693 1053 744 τῇ
1086 686 1236 744 ἐΙΙξέδρᾳ
1267 691 1338 743 τῆς
1369 688 1619 744 βασιλικῆςῦ.

250 839 405 872 Litterae
435 839 580 872 ΑΘΠΣ.
637 838 698 871 Vs.
717 840 758 871 45
790 838 929 871 litterae
957 839 989 872 Τ
1022 840 1058 870 et
1091 839 1115 871 Η
1148 838 1286 879 ligatae.
1406 840 1418 870 ⁴
1451 837 1499 870 Cf.
1525 838 1669 871 Boeckh
1693 839 1739 871 ad

157 896 192 929 C.
211 896 236 928 Ι.
254 896 292 928 G.
319 899 418 928 2826.
446 899 544 928 3282.
592 896 648 928 W.
667 896 706 928 H.
724 895 967 937 Waddington
992 895 1038 928 ad
1061 895 1174 928 Lebas
1199 896 1308 927 Inscr.
1335 895 1391 937 ΙΙΙ,
1418 896 1494 928 845.
1535 895 1572 928 R.
1590 896 1739 929 Dareste

156 954 246 986 Bull.
271 953 315 986 de
340 962 430 986 corr.
457 953 542 986 Hell.
569 953 626 995 Vl,
660 955 748 986 4882
774 961 808 995 p.
827 955 903 985 241.
959 953 1187 994 Magistratus
1218 954 1295 985 erat
1328 952 1425 995 apud
1457 962 1567 995 quem
1599 953 1739 986 litterae

156 1013 409 1044 contractuum
423 1011 467 1044 de
481 1011 645 1053 pecuniis
658 1011 796 1043 mutuis
805 1011 932 1043 dandis
945 1012 981 1042 et
993 1010 1112 1043 fundis
1125 1011 1353 1052 hypothecae
1365 1010 1445 1043 loco
1460 1011 1739 1052 oppignerandis

156 1068 440 1111 deponebantur.
499 1069 683 1101 Persimile
707 1069 763 1101 est
787 1067 945 1101 officium
970 1068 1048 1100 eius
1073 1068 1306 1109 magistratus
1330 1068 1394 1110 qui
1417 1068 1454 1100 in
1470 1068 1635 1111 Aegypto
1660 1080 1738 1114 συγ-

155 1123 377 1171 γραφοφύλαξ
402 1126 661 1168 appellabatur.
703 1126 751 1158 Cf.
771 1135 803 1158 n.
819 1125 918 1157 4204.
1029 1128 1048 1157 2
1073 1126 1117 1157 Μ.
1134 1125 1320 1157 Aurelium
1339 1125 1363 1166 (⁴
1374 1127 1528 1158 64-480
1548 1134 1582 1168 p.
1593 1125 1674 1158 Chr.
1691 1127 1735 1166 n.)
1755 1126 1780 1167 f

157 1184 307 1216 indicari
337 1193 381 1216 ex
415 1185 580 1226 tempore
612 1184 708 1216 tituli
739 1183 941 1216 certissima
974 1183 1111 1216 ratione
1143 1183 1340 1215 constituto
1374 1183 1458 1224 (not.
1483 1183 1512 1224 lo)
1546 1183 1736 1226 colligitur.

158 1242 262 1280 Quod
293 1251 364 1274 non
395 1243 469 1277 τοῖς
502 1238 687 1285 Σεβαστοῖς
718 1241 867 1283 dicitur,
907 1241 975 1273 etsi
1015 1242 1093 1273 tum
1125 1241 1168 1273 M.
1194 1240 1361 1273 Aurelius
1399 1242 1435 1273 et
1463 1241 1499 1273 L.
1517 1241 1633 1274 Verus
1665 1250 1738 1274 una

157 1299 395 1341 imperabant,
419 1299 726 1340 simplicissimam
745 1298 852 1331 habet
870 1298 1156 1340 explicationem.
1197 1298 1288 1330 Nam
1306 1298 1396 1330 illud
1412 1298 1558 1340 bellum,
1579 1298 1624 1331 ad
1637 1298 1738 1341 quod

156 1357 330 1398 diogmita
353 1358 515 1389 armatus
540 1358 576 1388 et
606 1357 740 1389 missus
773 1358 828 1388 est
853 1356 938 1397 (not.
958 1355 1002 1397 3),
1036 1357 1160 1388 contra
1184 1356 1444 1398 Marcomanos,
1476 1364 1572 1388 unus
1594 1356 1737 1389 Marcus

157 1415 314 1456 gerebat.
435 1416 452 1445 3
478 1414 721 1455 Waddington
746 1414 791 1446 ad
815 1414 848 1445 h.
868 1414 888 1446 1.
916 1413 1123 1446 doctissime
1140 1415 1175 1445 et
1196 1414 1467 1446 accuratissime
1492 1413 1536 1446 de
1554 1413 1737 1455 diogmitis

158 1472 367 1513 disputavit,
405 1473 463 1504 cui
503 1473 623 1504 omnia
659 1471 836 1504 debentur
873 1480 965 1512 quae
1005 1472 1063 1503 hic
1094 1471 1238 1503 adnoto.
1303 1471 1460 1503 Fuerunt
1489 1471 1540 1503 illi
1572 1471 1737 1504 homines

158 1529 354 1562 irenarchis
380 1529 604 1570 singularum
629 1529 832 1561 civitatium
858 1528 992 1561 subditi
1018 1530 1059 1560 ut
1083 1537 1145 1561 eos
1170 1528 1205 1560 in
1223 1528 1356 1560 tuenda
1372 1537 1461 1570 pace
1477 1530 1513 1560 et
1529 1528 1736 1562 coercendis

161 1586 332 1619 maleficis
357 1587 579 1619 adiuvarent.
637 1585 685 1618 Cf.
718 1586 869 1618 Basilica
901 1586 985 1627 LVI,
1020 1588 1060 1617 lo
1101 1590 1167 1618 τῶν
1204 1583 1396 1629 λεγομένων
1430 1583 1624 1631 ἀγωγικῶν,
1661 1584 1737 1630 ἤτοι

158 1647 451 1688 παραπομπικῶν,
474 1641 497 1688 ἢ
522 1648 589 1676 τῶν
620 1642 872 1686 δαπανωμένων
906 1642 981 1686 περὶ
1011 1642 1089 1678 τοὺς
1116 1640 1298 1686 δημοσίους
1331 1641 1428 1679 ὄνους
1458 1640 1481 1686 ἢ
1514 1641 1682 1688 ὀνηλάτας
1710 1641 1733 1686 ἢ

157 1706 224 1734 τῶν
262 1700 499 1745 διωγμητικῶν
539 1702 612 1743 (leg.
639 1702 781 1741 -ιτικῶν)
824 1699 881 1733 καὶ
916 1705 983 1732 τῶν
1021 1698 1134 1732 ἄλλων
1172 1698 1193 1732 ἂ
1234 1699 1358 1745 γενικῷ
1394 1699 1534 1744 ὀνόματι
1569 1699 1735 1734 καλεῖται.

159 1760 297 1792 Pedites
331 1759 441 1792 fuisse
474 1761 623 1801 apparet
654 1768 697 1791 ex
731 1759 902 1800 Martyrio
928 1758 1119 1799 Polycarpi
1153 1759 1170 1788 7
1198 1757 1252 1789 ed.
1278 1758 1440 1799 Dressel,
1474 1758 1537 1790 ubi
1569 1759 1736 1791 narratur

158 1816 316 1849 Herodes
349 1817 537 1849 irenarcha
575 1817 715 1858 equites
747 1817 783 1848 et
816 1816 1005 1857 diogmitas
1038 1816 1180 1847 misisse
1217 1815 1279 1856 qui
1305 1815 1545 1857 Polycarpum
1571 1823 1735 1858 compre-

157 1874 364 1906 henderent.
402 1874 452 1905 De
470 1874 576 1906 simili
595 1874 736 1915 negotio
760 1882 891 1906 eorum
916 1873 1091 1905 memoria
1117 1873 1235 1904 exstat
1259 1872 1357 1913 apud
1381 1873 1598 1914 Symeonem
1622 1873 1736 1906 Meta-

158 1931 330 1972 phrasten
354 1932 390 1963 in
415 1931 496 1963 Vita
521 1932 552 1963 S.
570 1931 753 1964 Athanasii
780 1929 902 1975 ζημίαν
928 1929 1018 1973 ζωῆς
1043 1927 1174 1973 ὑφέξειν
1199 1927 1278 1965 τοὺς
1303 1928 1504 1974 Eun-witae,
1540 1929 1570 1962 εἰ
1597 1929 1644 1975 μὴ
1675 1930 1734 1962 τὸν

156 1983 349 2021 Ἀθανάσιον
377 1987 484 2025 ζῶντα
510 1987 762 2032 παραστήσωσι.
810 1988 936 2029 Neque
961 1988 1065 2029 plane
1090 1988 1246 2019 inermes
1271 1986 1382 2019 fuisse
1406 1995 1522 2028 neque
1552 1987 1659 2019 iustis
1692 1996 1735 2020 ac

157 2044 376 2077 militaribus
395 2045 506 2077 armis
525 2045 722 2077 instructos
741 2048 891 2087 apparet
908 2054 952 2077 ex
968 2045 1148 2077 Ammiani
1165 2045 1270 2077 Marc.
1287 2044 1428 2086 XXVII,
1446 2047 1477 2086 9,
1497 2047 1534 2076 6:
1560 2042 1735 2078 adhibitis

155 2100 407 2135 semiermibus
425 2100 569 2145 paucis,
594 2112 681 2145 quos
705 2100 899 2145 dioymitas
923 2101 1113 2146 appellant.
1164 2102 1253 2134 Cum
1283 2102 1393 2143 igitur
1418 2101 1576 2134 officium
1606 2110 1732 2135 eorum

156 2168 273 2201 neque
297 2159 468 2192 bellicum
493 2161 589 2192 esset
613 2168 729 2201 neque
747 2159 791 2192 ad
816 2160 1047 2202 imperatoris
1072 2168 1129 2191 res
1147 2161 1335 2201 spectaret,
1362 2159 1426 2191 sed
1449 2159 1494 2191 ad
1510 2159 1733 2201 singularum

155 2217 359 2249 civitatium
375 2217 734 2258 administrationem,
749 2219 869 2249 tamen
887 2218 922 2249 in
940 2226 1084 2249 summa
1101 2217 1258 2248 militum
1276 2217 1410 2258 inopia,
1424 2225 1518 2258 quae
1533 2226 1577 2249 ex
1594 2216 1734 2249 funesta

156 2273 215 2306 illa
241 2274 443 2316 pestilentia
467 2275 550 2306 nata
575 2276 661 2316 erat,
688 2283 730 2306 ne
756 2275 811 2307 his
837 2275 984 2316 quidem
1010 2275 1129 2306 minus
1154 2274 1292 2306 idoneis
1326 2274 1440 2315 copiis
1471 2282 1593 2306 carere
1625 2282 1733 2316 posse

156 2331 226 2364 sibi
243 2331 435 2363 videbatur
447 2332 588 2363 Marcus
607 2332 816 2373 imperator,
835 2341 972 2374 eosque
989 2331 1180 2364 armandos
1197 2332 1233 2363 et
1250 2340 1316 2363 suo
1333 2331 1506 2363 exercitui
1523 2331 1732 2364 inserendos

156 2389 307 2422 curavit.
326 2388 368 2420 cf.
385 2388 495 2420 Iulius
509 2388 730 2430 Capitolinus
748 2389 948 2421 Antoninus
965 2385 1204 2430 Philosophus
1218 2391 1271 2420 21:
1291 2386 1451 2422 armavit
1466 2386 1577 2421 etiam
1589 2386 1733 2431 yladia-

155 2448 257 2487 tores,
282 2455 368 2488 quos
393 2444 613 2488 obsequentes
637 2444 838 2489 appellavit.
863 2445 1018 2479 latrones
1041 2445 1151 2479 etiam
1167 2444 1376 2479 Dalmatiae
1399 2447 1502 2488 atque
1517 2442 1733 2478 Dav-damae

154 2501 290 2537 milites
304 2500 398 2545 feeit.
420 2501 579 2536 armavit
595 2505 626 2536 et
642 2501 836 2546 dioymitas
859 2502 1056 2543 sdioemitas
1080 2504 1138 2536 hic
1154 2506 1196 2535 ut
1212 2503 1308 2545 apud
1326 2502 1555 2535 Ammianum
1575 2502 1730 2544 codices,

155 2569 264 2604 quem
281 2560 424 2602 lapsum
442 2560 570 2592 calami
587 2569 676 2602 esse,
701 2563 741 2592 ut
758 2560 884 2593 doema
900 2570 967 2602 pro
985 2560 1114 2604 doyma
1138 2563 1174 2592 et
1191 2561 1331 2602 similia,
1355 2559 1525 2592 observat
1537 2559 1730 2601 Wadding-

155 2619 239 2659 ton).
287 2618 380 2650 Tum
405 2618 514 2659 igitur
544 2618 584 2659 is,
611 2618 716 2649 cuius
741 2618 810 2650 hoc
835 2620 890 2650 est
915 2619 1200 2659 monumentum,
1228 2618 1439 2667 diogmitam
1464 2617 1539 2649 suis
1556 2617 1730 2658 impensis

156 2677 338 2709 armatum
362 2676 408 2708 ad
430 2675 632 2717 principem
658 2675 768 2716 misit,
793 2676 856 2716 qui
882 2676 917 2707 in
943 2676 1037 2708 illius
1062 2676 1221 2707 exercitu
1248 2675 1425 2707 militaret.
1469 2674 1519 2705 De
1543 2683 1615 2706 una
1640 2683 1730 2707 voce

156 2733 337 2779 σύμμαχος
359 2732 486 2765 Wadd.
512 2741 582 2765 non
607 2732 652 2764 ab
679 2733 777 2764 omni
804 2734 905 2773 parte
922 2734 1018 2764 recte
1043 2732 1201 2764 iudicare
1219 2732 1306 2763 mihi
1322 2731 1476 2772 videtur,
1495 2740 1579 2763 cum
1596 2732 1730 2764 statuat

155 2791 347 2833 diogmitas
371 2791 570 2837 συμμάχους
595 2789 777 2832 appellari,
803 2790 887 2831 quia
912 2790 1136 2822 irenarcham
1163 2789 1198 2821 in
1223 2789 1357 2821 tuenda
1374 2789 1567 2821 securitate
1583 2788 1730 2830 publica

154 2848 377 2891 adiuvarent,
409 2852 445 2880 et
475 2848 557 2881 inde
582 2848 720 2890 repetat
752 2856 883 2879 nomen
916 2845 1103 2892 συμμάχων
1137 2846 1235 2888 quod
1269 2847 1305 2878 in
1335 2847 1498 2888 Aegypto
1523 2842 1728 2888 ‘portitores
