<?xml version="1.0" encoding="UTF-8"?>
<!DOCTYPE html PUBLIC "-//W3C//DTD XHTML 1.0 Transitional//EN"
    "http://www.w3.org/TR/xhtml1/DTD/xhtml1-transitional.dtd">
<html xmlns="http://www.w3.org/1999/xhtml" xml:lang="en" lang="en">
 <head>
  <title>
</title>
<meta http-equiv="Content-Type" content="text/html;charset=utf-8" />
  <meta name='ocr-system' content='tesseract 3.04.00' />
  <meta name='ocr-capabilities' content='ocr_page ocr_carea ocr_par ocr_line ocrx_word'/>
</head>
<body>
  <div class='ocr_page' id='page_1' title='image "./orientisgraeciin02dittuoft/orientisgraeciin02dittuoft_0693.png"; bbox 0 0 1858 3126; ppageno 0'>
   <div class='ocr_carea' id='block_1_1' title="bbox 0 0 38 1092">
    <p class='ocr_par' dir='ltr' id='par_1_1' title="bbox 0 0 38 1092">
     <span class='ocr_line' id='line_1_1' title="bbox 0 0 38 1092; baseline 0 0"><span class='ocrx_word' id='word_1_1' title='bbox 0 0 38 1092; x_wconf 95' lang='lat' dir='ltr'> </span> 
     </span>
    </p>
   </div>
   <div class='ocr_carea' id='block_1_2' title="bbox 565 118 1204 153">
    <p class='ocr_par' dir='ltr' id='par_1_2' title="bbox 565 118 1204 153">
     <span class='ocr_line' id='line_1_2' title="bbox 565 118 1204 153; baseline 0.002 -2"><span class='ocrx_word' id='word_1_2' title='bbox 565 118 653 151; x_wconf 87' lang='lat' dir='ltr'>VIII.</span> <span class='ocrx_word' id='word_1_3' title='bbox 690 118 758 152; x_wconf 83' lang='lat' dir='ltr'>Res</span> <span class='ocrx_word' id='word_1_4' title='bbox 782 120 818 152; x_wconf 79' lang='lat' dir='ltr'>et</span> <span class='ocrx_word' id='word_1_5' title='bbox 841 118 955 153; x_wconf 84' lang='lat' dir='ltr'>verba</span> <span class='ocrx_word' id='word_1_6' title='bbox 978 119 1204 153; x_wconf 77' lang='lat' dir='ltr'><strong>notabiliora.</strong></span> 
     </span>
    </p>
   </div>
   <div class='ocr_carea' id='block_1_3' title="bbox 94 247 889 1287">
    <p class='ocr_par' dir='ltr' id='par_1_3' title="bbox 141 247 852 644">
     <span class='ocr_line' id='line_1_3' title="bbox 143 247 851 301; baseline -0.003 -11"><span class='ocrx_word' id='word_1_7' title='bbox 143 253 287 301; x_wconf 87' lang='grc' dir='ltr'>Γεμίνης</span> <span class='ocrx_word' id='word_1_8' title='bbox 319 255 399 299; x_wconf 81' lang='grc'><strong>548,</strong></span> <span class='ocrx_word' id='word_1_9' title='bbox 420 263 449 289; x_wconf 98' lang='grc'>5.</span> <span class='ocrx_word' id='word_1_10' title='bbox 493 254 660 301; x_wconf 84' lang='grc' dir='ltr'>λεγεῶνος</span> <span class='ocrx_word' id='word_1_11' title='bbox 686 247 728 289; x_wconf 81' lang='grc' dir='ltr'>ιδ’</span> <span class='ocrx_word' id='word_1_12' title='bbox 750 254 851 290; x_wconf 76' lang='grc' dir='ltr'>Διδὺ·</span> 
     </span>
     <span class='ocr_line' id='line_1_4' title="bbox 144 309 852 359; baseline -0.003 -11"><span class='ocrx_word' id='word_1_13' title='bbox 144 324 211 359; x_wconf 87' lang='grc' dir='ltr'>μης</span> <span class='ocrx_word' id='word_1_14' title='bbox 242 309 355 358; x_wconf 81' lang='grc' dir='ltr'>Ἀρέας</span> <span class='ocrx_word' id='word_1_15' title='bbox 378 309 589 358; x_wconf 62' lang='grc' dir='ltr'>Νεικητιπιῆς</span> <span class='ocrx_word' id='word_1_16' title='bbox 622 313 700 356; x_wconf 90' lang='grc'><strong>560,</strong></span> <span class='ocrx_word' id='word_1_17' title='bbox 719 319 750 347; x_wconf 85' lang='grc'>6.</span> <span class='ocrx_word' id='word_1_18' title='bbox 794 311 852 346; x_wconf 89' lang='grc' dir='ltr'>λε-</span> 
     </span>
     <span class='ocr_line' id='line_1_5' title="bbox 141 361 852 416; baseline -0.003 -12"><span class='ocrx_word' id='word_1_19' title='bbox 141 374 262 416; x_wconf 79' lang='grc' dir='ltr'>γιῶνος</span> <span class='ocrx_word' id='word_1_20' title='bbox 292 361 349 415; x_wconf 61' lang='grc' dir='ltr'>ιβ’</span> <span class='ocrx_word' id='word_1_21' title='bbox 371 367 605 415; x_wconf 89' lang='grc' dir='ltr'>Πρειμιγενίας</span> <span class='ocrx_word' id='word_1_22' title='bbox 635 366 720 407; x_wconf 87' lang='grc' dir='ltr'>Πίας</span> <span class='ocrx_word' id='word_1_23' title='bbox 744 367 852 415; x_wconf 77' lang='grc' dir='ltr'>Φιδή-</span> 
     </span>
     <span class='ocr_line' id='line_1_6' title="bbox 141 425 852 473; baseline -0.001 -12"><span class='ocrx_word' id='word_1_24' title='bbox 141 425 229 465; x_wconf 89' lang='grc' dir='ltr'>λεως</span> <span class='ocrx_word' id='word_1_25' title='bbox 251 425 332 470; x_wconf 83' lang='grc'><strong>480,</strong></span> <span class='ocrx_word' id='word_1_26' title='bbox 351 434 380 460; x_wconf 88' lang='grc'>4.</span> <span class='ocrx_word' id='word_1_27' title='bbox 421 425 588 473; x_wconf 82' lang='grc' dir='ltr'>λεγεῶνος</span> <span class='ocrx_word' id='word_1_28' title='bbox 604 425 761 472; x_wconf 72' lang='grc' dir='ltr'>εἰκοστῆς</span> <span class='ocrx_word' id='word_1_29' title='bbox 778 425 852 460; x_wconf 79' lang='grc' dir='ltr'>δευ-</span> 
     </span>
     <span class='ocr_line' id='line_1_7' title="bbox 141 474 850 530; baseline -0.001 -12"><span class='ocrx_word' id='word_1_30' title='bbox 141 483 241 528; x_wconf 77' lang='grc' dir='ltr'>τέρας</span> <span class='ocrx_word' id='word_1_31' title='bbox 275 483 352 527; x_wconf 90' lang='grc'><strong>586,</strong></span> <span class='ocrx_word' id='word_1_32' title='bbox 371 490 402 518; x_wconf 85' lang='grc'>9.</span> <span class='ocrx_word' id='word_1_33' title='bbox 452 482 615 529; x_wconf 77' lang='grc' dir='ltr'>λεγιῶνας</span> <span class='ocrx_word' id='word_1_34' title='bbox 646 474 700 530; x_wconf 74' lang='grc' dir='ltr'>βκ’</span> <span class='ocrx_word' id='word_1_35' title='bbox 723 483 801 527; x_wconf 87' lang='grc'><strong>207,</strong></span> <span class='ocrx_word' id='word_1_36' title='bbox 820 490 850 518; x_wconf 89' lang='lat'><strong>2.</strong></span> 
     </span>
     <span class='ocr_line' id='line_1_8' title="bbox 141 537 852 587; baseline -0.001 -12"><span class='ocrx_word' id='word_1_37' title='bbox 141 539 308 587; x_wconf 83' lang='grc' dir='ltr'>λεγεῶνος</span> <span class='ocrx_word' id='word_1_38' title='bbox 331 543 533 586; x_wconf 68' lang='grc' dir='ltr'><strong>τριακοστῆς</strong></span> <span class='ocrx_word' id='word_1_39' title='bbox 557 537 707 578; x_wconf 76' lang='grc' dir='ltr'>Οὐλπίας</span> <span class='ocrx_word' id='word_1_40' title='bbox 723 537 852 584; x_wconf 64' lang='lat' dir='ltr'>Nemn-</span> 
     </span>
     <span class='ocr_line' id='line_1_9' title="bbox 142 597 390 644; baseline -0.004 -12"><span class='ocrx_word' id='word_1_41' title='bbox 142 597 248 644; x_wconf 81' lang='grc' dir='ltr'>φόρου</span> <span class='ocrx_word' id='word_1_42' title='bbox 274 598 354 641; x_wconf 91' lang='grc'><strong>535,</strong></span> <span class='ocrx_word' id='word_1_43' title='bbox 372 603 390 631; x_wconf 89' lang='grc'>2</span> 
     </span>
    </p>

    <p class='ocr_par' dir='ltr' id='par_1_4' title="bbox 94 655 853 1049">
     <span class='ocr_line' id='line_1_10' title="bbox 94 655 853 706; baseline -0.003 -11"><span class='ocrx_word' id='word_1_44' title='bbox 94 659 202 705; x_wconf 82' lang='grc' dir='ltr'>λέγω·</span> <span class='ocrx_word' id='word_1_45' title='bbox 225 659 319 706; x_wconf 84' lang='grc' dir='ltr'>λέγει</span> <span class='ocrx_word' id='word_1_46' title='bbox 339 658 384 695; x_wconf 74' lang='lat' dir='ltr'>in</span> <span class='ocrx_word' id='word_1_47' title='bbox 398 658 539 695; x_wconf 67' lang='lat' dir='ltr'>odietis:</span> <span class='ocrx_word' id='word_1_48' title='bbox 565 657 719 706; x_wconf 86' lang='grc' dir='ltr'>Τιβέριος</span> <span class='ocrx_word' id='word_1_49' title='bbox 735 655 853 694; x_wconf 80' lang='grc' dir='ltr'>Κλαύ-</span> 
     </span>
     <span class='ocr_line' id='line_1_11' title="bbox 142 712 851 763; baseline 0 -13"><span class='ocrx_word' id='word_1_50' title='bbox 142 715 215 756; x_wconf 79' lang='grc' dir='ltr'>διος</span> <span class='ocrx_word' id='word_1_51' title='bbox 227 712 378 756; x_wconf 65' lang='grc' dir='ltr'>Ἰοῦνσιος</span> <span class='ocrx_word' id='word_1_52' title='bbox 395 715 587 755; x_wconf 71' lang='grc' dir='ltr'><strong>ἀνθύπατος</strong></span> <span class='ocrx_word' id='word_1_53' title='bbox 610 715 700 763; x_wconf 90' lang='grc' dir='ltr'>λέγει</span> <span class='ocrx_word' id='word_1_54' title='bbox 725 716 803 760; x_wconf 87' lang='lat'>584,</span> <span class='ocrx_word' id='word_1_55' title='bbox 820 723 851 751; x_wconf 88' lang='grc'>2.</span> 
     </span>
     <span class='ocr_line' id='line_1_12' title="bbox 140 771 851 819; baseline -0.001 -11"><span class='ocrx_word' id='word_1_56' title='bbox 140 772 290 813; x_wconf 67' lang='grc' dir='ltr'>Λούκιος</span> <span class='ocrx_word' id='word_1_57' title='bbox 313 772 461 812; x_wconf 82' lang='grc' dir='ltr'><strong>Λούσιος</strong></span> <span class='ocrx_word' id='word_1_58' title='bbox 479 771 584 811; x_wconf 85' lang='grc' dir='ltr'>Γέτας</span> <span class='ocrx_word' id='word_1_59' title='bbox 607 772 699 819; x_wconf 87' lang='grc' dir='ltr'>λέγει</span> <span class='ocrx_word' id='word_1_60' title='bbox 723 773 802 817; x_wconf 84' lang='grc'><strong>664,</strong></span> <span class='ocrx_word' id='word_1_61' title='bbox 821 780 851 807; x_wconf 80' lang='lat'><strong>8.</strong></span> 
     </span>
     <span class='ocr_line' id='line_1_13' title="bbox 141 827 852 877; baseline -0.003 -11"><span class='ocrx_word' id='word_1_62' title='bbox 141 828 264 870; x_wconf 85' lang='grc' dir='ltr'>Γναῖος</span> <span class='ocrx_word' id='word_1_63' title='bbox 311 828 506 877; x_wconf 79' lang='grc' dir='ltr'>Οὐεργίλιος</span> <span class='ocrx_word' id='word_1_64' title='bbox 554 827 716 865; x_wconf 87' lang='grc' dir='ltr'>Καπίτων</span> <span class='ocrx_word' id='word_1_65' title='bbox 760 829 852 876; x_wconf 89' lang='grc' dir='ltr'>λέγει</span> 
     </span>
     <span class='ocr_line' id='line_1_14' title="bbox 141 883 852 934; baseline -0.001 -12"><span class='ocrx_word' id='word_1_66' title='bbox 141 889 220 932; x_wconf 90' lang='grc'><strong>665,</strong></span> <span class='ocrx_word' id='word_1_67' title='bbox 247 894 300 923; x_wconf 81' lang='grc'>14.</span> <span class='ocrx_word' id='word_1_68' title='bbox 350 885 508 934; x_wconf 89' lang='grc' dir='ltr'>Τιβέριος</span> <span class='ocrx_word' id='word_1_69' title='bbox 528 883 673 925; x_wconf 74' lang='grc' dir='ltr'>Ἰούλιος</span> <span class='ocrx_word' id='word_1_70' title='bbox 703 885 852 928; x_wconf 75' lang='grc' dir='ltr'>Ἀλέξαν-</span> 
     </span>
     <span class='ocr_line' id='line_1_15' title="bbox 141 943 852 991; baseline -0.003 -11"><span class='ocrx_word' id='word_1_71' title='bbox 141 944 219 991; x_wconf 73' lang='grc' dir='ltr'>δρος</span> <span class='ocrx_word' id='word_1_72' title='bbox 234 944 326 991; x_wconf 89' lang='grc' dir='ltr'>λέγει</span> <span class='ocrx_word' id='word_1_73' title='bbox 350 945 428 989; x_wconf 89' lang='grc'><strong>669,</strong></span> <span class='ocrx_word' id='word_1_74' title='bbox 443 951 474 979; x_wconf 84' lang='grc'>3.</span> <span class='ocrx_word' id='word_1_75' title='bbox 497 962 541 973; x_wconf 83' lang='lat'>—-</span> <span class='ocrx_word' id='word_1_76' title='bbox 566 943 762 990; x_wconf 78' lang='grc' dir='ltr'>γεωμέτρας</span> <span class='ocrx_word' id='word_1_77' title='bbox 780 944 852 979; x_wconf 83' lang='grc' dir='ltr'>ἐπι-</span> 
     </span>
     <span class='ocr_line' id='line_1_16' title="bbox 141 1000 667 1049; baseline -0.006 -12"><span class='ocrx_word' id='word_1_78' title='bbox 141 1001 297 1049; x_wconf 75' lang='grc' dir='ltr'>τηδείους</span> <span class='ocrx_word' id='word_1_79' title='bbox 318 1000 503 1046; x_wconf 74' lang='grc' dir='ltr'>λεξάμενος</span> <span class='ocrx_word' id='word_1_80' title='bbox 528 1002 606 1043; x_wconf 87' lang='grc'><strong>502,</strong></span> <span class='ocrx_word' id='word_1_81' title='bbox 627 1007 667 1036; x_wconf 89' lang='grc'>12</span> 
     </span>
    </p>

    <p class='ocr_par' dir='ltr' id='par_1_5' title="bbox 94 1062 705 1109">
     <span class='ocr_line' id='line_1_17' title="bbox 94 1062 705 1109; baseline -0.002 -10"><span class='ocrx_word' id='word_1_82' title='bbox 94 1064 186 1099; x_wconf 87' lang='grc' dir='ltr'>λεία·</span> <span class='ocrx_word' id='word_1_83' title='bbox 211 1063 365 1100; x_wconf 76' lang='grc' dir='ltr'>ἀτέλειαν</span> <span class='ocrx_word' id='word_1_84' title='bbox 389 1066 452 1109; x_wconf 87' lang='grc' dir='ltr'>τῆς</span> <span class='ocrx_word' id='word_1_85' title='bbox 476 1062 569 1102; x_wconf 86' lang='grc' dir='ltr'>λείας</span> <span class='ocrx_word' id='word_1_86' title='bbox 595 1063 672 1107; x_wconf 92' lang='grc'><strong>748,</strong></span> <span class='ocrx_word' id='word_1_87' title='bbox 688 1071 705 1098; x_wconf 91' lang='grc'>9</span> 
     </span>
    </p>

    <p class='ocr_par' dir='ltr' id='par_1_6' title="bbox 95 1093 889 1168">
     <span class='ocr_line' id='line_1_18' title="bbox 95 1093 889 1168; baseline -0.008 -12"><span class='ocrx_word' id='word_1_88' title='bbox 95 1121 224 1168; x_wconf 80' lang='grc' dir='ltr'>λειμών</span> <span class='ocrx_word' id='word_1_89' title='bbox 249 1123 327 1165; x_wconf 82' lang='grc'><strong>335,</strong></span> <span class='ocrx_word' id='word_1_90' title='bbox 349 1127 409 1154; x_wconf 80' lang='grc'>114</span> <span class='ocrx_word' id='word_1_91' title='bbox 885 1093 889 1143; x_wconf 64' lang='grc' dir='ltr'>ί</span> 
     </span>
    </p>

    <p class='ocr_par' dir='ltr' id='par_1_7' title="bbox 95 1183 851 1287">
     <span class='ocr_line' id='line_1_19' title="bbox 95 1183 850 1231; baseline 0 -12"><span class='ocrx_word' id='word_1_92' title='bbox 95 1183 286 1231; x_wconf 81' lang='grc' dir='ltr'>λειτουργία</span> <span class='ocrx_word' id='word_1_93' title='bbox 302 1184 381 1228; x_wconf 84' lang='grc'><strong>383,</strong></span> <span class='ocrx_word' id='word_1_94' title='bbox 393 1190 446 1218; x_wconf 81' lang='lat'><strong>73.</strong></span> <span class='ocrx_word' id='word_1_95' title='bbox 458 1191 532 1218; x_wconf 80' lang='lat'><strong>185.</strong></span> <span class='ocrx_word' id='word_1_96' title='bbox 551 1184 692 1228; x_wconf 90' lang='grc'><strong>566,11.</strong></span> <span class='ocrx_word' id='word_1_97' title='bbox 710 1185 788 1228; x_wconf 90' lang='grc'><strong>669,</strong></span> <span class='ocrx_word' id='word_1_98' title='bbox 798 1191 850 1219; x_wconf 83' lang='grc'>33.</span> 
     </span>
     <span class='ocr_line' id='line_1_20' title="bbox 141 1240 851 1287; baseline 0.001 -12"><span class='ocrx_word' id='word_1_99' title='bbox 141 1240 346 1287; x_wconf 73' lang='grc' dir='ltr'>λειτουργίαι</span> <span class='ocrx_word' id='word_1_100' title='bbox 370 1240 448 1284; x_wconf 86' lang='grc'><strong>339,</strong></span> <span class='ocrx_word' id='word_1_101' title='bbox 464 1248 517 1276; x_wconf 89' lang='grc' dir='ltr'>5ο.</span> <span class='ocrx_word' id='word_1_102' title='bbox 542 1241 706 1285; x_wconf 88' lang='grc' dir='ltr'><strong>383,17ο.</strong></span> <span class='ocrx_word' id='word_1_103' title='bbox 731 1243 851 1286; x_wconf 87' lang='grc'><strong>529,3.</strong></span> 
     </span>
    </p>
   </div>
   <div class='ocr_carea' id='block_1_4' title="bbox 143 1297 853 1398">
    <p class='ocr_par' dir='ltr' id='par_1_8' title="bbox 143 1297 853 1398">
     <span class='ocr_line' id='line_1_21' title="bbox 143 1297 853 1346; baseline 0.003 -15"><span class='ocrx_word' id='word_1_104' title='bbox 143 1298 289 1342; x_wconf 86' lang='grc' dir='ltr'><strong>537,1ο.</strong></span> <span class='ocrx_word' id='word_1_105' title='bbox 315 1297 393 1341; x_wconf 88' lang='grc'><strong>542,</strong></span> <span class='ocrx_word' id='word_1_106' title='bbox 413 1305 443 1332; x_wconf 90' lang='grc'>8.</span> <span class='ocrx_word' id='word_1_107' title='bbox 482 1297 690 1345; x_wconf 80' lang='grc' dir='ltr'>λειτουργίαι</span> <span class='ocrx_word' id='word_1_108' title='bbox 704 1299 853 1346; x_wconf 74' lang='grc' dir='ltr'>χωρικαί</span> 
     </span>
     <span class='ocr_line' id='line_1_22' title="bbox 143 1355 282 1398; baseline 0 -10"><span class='ocrx_word' id='word_1_109' title='bbox 143 1355 222 1398; x_wconf 87' lang='grc'><strong>669,</strong></span> <span class='ocrx_word' id='word_1_110' title='bbox 241 1361 282 1389; x_wconf 86' lang='grc'>34</span> 
     </span>
    </p>
   </div>
   <div class='ocr_carea' id='block_1_5' title="bbox 95 1415 853 1694">
    <p class='ocr_par' dir='ltr' id='par_1_9' title="bbox 95 1415 851 1521">
     <span class='ocr_line' id='line_1_23' title="bbox 95 1415 851 1465; baseline 0.001 -13"><span class='ocrx_word' id='word_1_111' title='bbox 95 1416 274 1463; x_wconf 75' lang='grc' dir='ltr'>λείψανον·</span> <span class='ocrx_word' id='word_1_112' title='bbox 299 1416 395 1464; x_wconf 79' lang='grc' dir='ltr'>ἁγίου</span> <span class='ocrx_word' id='word_1_113' title='bbox 420 1437 465 1443; x_wconf 90' lang='grc'><strong>-</strong></span> <span class='ocrx_word' id='word_1_114' title='bbox 489 1415 660 1465; x_wconf 87' lang='grc' dir='ltr'>Γεωργίου</span> <span class='ocrx_word' id='word_1_115' title='bbox 683 1418 722 1453; x_wconf 85' lang='grc' dir='ltr'>τὸ</span> <span class='ocrx_word' id='word_1_116' title='bbox 742 1417 851 1464; x_wconf 87' lang='grc' dir='ltr'>τίμιον</span> 
     </span>
     <span class='ocr_line' id='line_1_24' title="bbox 142 1472 437 1521; baseline 0.003 -13"><span class='ocrx_word' id='word_1_117' title='bbox 142 1472 301 1521; x_wconf 80' lang='grc' dir='ltr'>λείψανον</span> <span class='ocrx_word' id='word_1_118' title='bbox 327 1474 406 1518; x_wconf 89' lang='grc'><strong>610,</strong></span> <span class='ocrx_word' id='word_1_119' title='bbox 421 1482 437 1509; x_wconf 80' lang='lat' dir='ltr'>s</span> 
     </span>
    </p>

    <p class='ocr_par' dir='ltr' id='par_1_10' title="bbox 96 1533 853 1694">
     <span class='ocr_line' id='line_1_25' title="bbox 96 1533 853 1586; baseline 0.003 -16"><span class='ocrx_word' id='word_1_120' title='bbox 96 1535 203 1576; x_wconf 77' lang='grc' dir='ltr'>λέξις·</span> <span class='ocrx_word' id='word_1_121' title='bbox 242 1535 424 1582; x_wconf 83' lang='grc' dir='ltr'>ἐπιστολὴν</span> <span class='ocrx_word' id='word_1_122' title='bbox 455 1557 512 1582; x_wconf 91' lang='grc'>-,</span> <span class='ocrx_word' id='word_1_123' title='bbox 554 1537 589 1572; x_wconf 85' lang='grc' dir='ltr'>ἐν</span> <span class='ocrx_word' id='word_1_124' title='bbox 625 1533 651 1586; x_wconf 74' lang='grc' dir='ltr'><em>ᾗ</em></span> <span class='ocrx_word' id='word_1_125' title='bbox 684 1538 742 1572; x_wconf 82' lang='grc' dir='ltr'>σὺν</span> <span class='ocrx_word' id='word_1_126' title='bbox 778 1542 853 1577; x_wconf 85' lang='grc' dir='ltr'>ταῖς</span> 
     </span>
     <span class='ocr_line' id='line_1_26' title="bbox 143 1588 853 1641; baseline -0.001 -12"><span class='ocrx_word' id='word_1_127' title='bbox 143 1592 261 1632; x_wconf 78' lang='grc' dir='ltr'>ἄλλοις</span> <span class='ocrx_word' id='word_1_128' title='bbox 300 1593 484 1641; x_wconf 79' lang='grc' dir='ltr'>ἐγέγραπτο</span> <span class='ocrx_word' id='word_1_129' title='bbox 527 1594 616 1629; x_wconf 73' lang='grc' dir='ltr'>κατὰ</span> <span class='ocrx_word' id='word_1_130' title='bbox 659 1594 747 1634; x_wconf 76' lang='grc' dir='ltr'>λέξιν</span> <span class='ocrx_word' id='word_1_131' title='bbox 789 1588 853 1641; x_wconf 74' lang='grc' dir='ltr'>ᾧδε</span> 
     </span>
     <span class='ocr_line' id='line_1_27' title="bbox 143 1651 306 1694; baseline -0.006 -9"><span class='ocrx_word' id='word_1_132' title='bbox 143 1651 222 1694; x_wconf 83' lang='grc'><strong>335,</strong></span> <span class='ocrx_word' id='word_1_133' title='bbox 244 1657 306 1684; x_wconf 80' lang='grc'>142</span> 
     </span>
    </p>
   </div>
   <div class='ocr_carea' id='block_1_6' title="bbox 6 1707 854 1755">
    <p class='ocr_par' dir='ltr' id='par_1_11' title="bbox 6 1707 854 1755">
     <span class='ocr_line' id='line_1_28' title="bbox 6 1707 854 1755; baseline 0.005 -16"><span class='ocrx_word' id='word_1_134' title='bbox 6 1709 27 1754; x_wconf 40' lang='grc' dir='ltr'>ξ</span> <span class='ocrx_word' id='word_1_135' title='bbox 97 1707 309 1755; x_wconf 89' lang='grc' dir='ltr'>λεοντάριον·</span> <span class='ocrx_word' id='word_1_136' title='bbox 341 1707 400 1741; x_wconf 83' lang='grc' dir='ltr'>σὺν</span> <span class='ocrx_word' id='word_1_137' title='bbox 429 1707 605 1746; x_wconf 72' lang='grc' dir='ltr'>νεικαὸίοις</span> <span class='ocrx_word' id='word_1_138' title='bbox 635 1707 694 1742; x_wconf 66' lang='grc' dir='ltr'>καὶ</span> <span class='ocrx_word' id='word_1_139' title='bbox 716 1707 854 1743; x_wconf 88' lang='grc' dir='ltr'>λεοντα-</span> 
     </span>
    </p>
   </div>
   <div class='ocr_carea' id='block_1_7' title="bbox 0 1763 853 2394">
    <p class='ocr_par' dir='ltr' id='par_1_12' title="bbox 0 1763 370 1818">
     <span class='ocr_line' id='line_1_29' title="bbox 0 1763 370 1818; baseline 0.003 -21"><span class='ocrx_word' id='word_1_140' title='bbox 0 1791 19 1818; x_wconf 54' lang='lat' dir='ltr'>&#39;a</span> <span class='ocrx_word' id='word_1_141' title='bbox 144 1763 230 1810; x_wconf 90' lang='grc' dir='ltr'>ρίοις</span> <span class='ocrx_word' id='word_1_142' title='bbox 253 1765 332 1808; x_wconf 86' lang='grc'><strong>426,</strong></span> <span class='ocrx_word' id='word_1_143' title='bbox 353 1771 370 1798; x_wconf 89' lang='grc'>6</span> 
     </span>
    </p>

    <p class='ocr_par' dir='ltr' id='par_1_13' title="bbox 0 1819 852 1875">
     <span class='ocr_line' id='line_1_30' title="bbox 94 1826 852 1875; baseline 0 -14"><span class='ocrx_word' id='word_1_144' title='bbox 94 1826 216 1866; x_wconf 59' lang='grc' dir='ltr'>λεπτὸς</span> <span class='ocrx_word' id='word_1_145' title='bbox 232 1826 365 1875; x_wconf 63' lang='grc' dir='ltr'>χαλκός</span> <span class='ocrx_word' id='word_1_146' title='bbox 388 1828 576 1871; x_wconf 82' lang='lat'><strong>484‚9.21.</strong></span> <span class='ocrx_word' id='word_1_147' title='bbox 601 1828 744 1871; x_wconf 84' lang='lat'>485,12.</span> <span class='ocrx_word' id='word_1_148' title='bbox 784 1833 852 1862; x_wconf 60' lang='lat' dir='ltr'>ww</span> 
     </span>
    </p>

    <p class='ocr_par' dir='ltr' id='par_1_14' title="bbox 2 1874 853 1988">
     <span class='ocr_line' id='line_1_31' title="bbox 2 1874 853 1928; baseline -0.001 -9"><span class='ocrx_word' id='word_1_149' title='bbox 2 1874 22 1901; x_wconf 51' lang='grc' dir='ltr'><em>ἔ</em></span> <span class='ocrx_word' id='word_1_150' title='bbox 142 1882 364 1919; x_wconf 80' lang='grc' dir='ltr'>ἐνπολώντων</span> <span class='ocrx_word' id='word_1_151' title='bbox 377 1885 416 1918; x_wconf 89' lang='grc' dir='ltr'>τὸ</span> <span class='ocrx_word' id='word_1_152' title='bbox 428 1884 553 1918; x_wconf 86' lang='grc' dir='ltr'>λεπτόν</span> <span class='ocrx_word' id='word_1_153' title='bbox 571 1884 649 1928; x_wconf 89' lang='grc'><strong>484,</strong></span> <span class='ocrx_word' id='word_1_154' title='bbox 661 1892 714 1919; x_wconf 91' lang='grc'>35.</span> <span class='ocrx_word' id='word_1_155' title='bbox 744 1883 853 1919; x_wconf 83' lang='grc' dir='ltr'>λεπτὰ</span> 
     </span>
     <span class='ocr_line' id='line_1_32' title="bbox 143 1940 432 1988; baseline -0.003 -12"><span class='ocrx_word' id='word_1_156' title='bbox 143 1940 269 1988; x_wconf 77' lang='grc' dir='ltr'>ὀψάρια</span> <span class='ocrx_word' id='word_1_157' title='bbox 291 1942 372 1985; x_wconf 83' lang='grc'><strong>484,</strong></span> <span class='ocrx_word' id='word_1_158' title='bbox 393 1948 432 1975; x_wconf 81' lang='grc'>16</span> 
     </span>
    </p>

    <p class='ocr_par' dir='ltr' id='par_1_15' title="bbox 96 1997 406 2045">
     <span class='ocr_line' id='line_1_33' title="bbox 96 1997 406 2045; baseline 0 -13"><span class='ocrx_word' id='word_1_159' title='bbox 96 1997 244 2045; x_wconf 71' lang='grc' dir='ltr'>λεύκινοι</span> <span class='ocrx_word' id='word_1_160' title='bbox 268 1998 346 2042; x_wconf 90' lang='grc'><strong>266,</strong></span> <span class='ocrx_word' id='word_1_161' title='bbox 367 2006 406 2033; x_wconf 87' lang='grc'>14</span> 
     </span>
    </p>

    <p class='ocr_par' dir='ltr' id='par_1_16' title="bbox 96 2059 853 2219">
     <span class='ocr_line' id='line_1_34' title="bbox 96 2059 853 2107; baseline 0.001 -12"><span class='ocrx_word' id='word_1_162' title='bbox 96 2059 317 2099; x_wconf 70' lang='grc' dir='ltr'>λευκόλιθος·</span> <span class='ocrx_word' id='word_1_163' title='bbox 353 2060 397 2095; x_wconf 82' lang='grc' dir='ltr'>τὰ</span> <span class='ocrx_word' id='word_1_164' title='bbox 426 2060 461 2095; x_wconf 86' lang='grc' dir='ltr'>ἐν</span> <span class='ocrx_word' id='word_1_165' title='bbox 490 2061 539 2106; x_wconf 82' lang='grc' dir='ltr'>τῷ</span> <span class='ocrx_word' id='word_1_166' title='bbox 570 2059 703 2107; x_wconf 78' lang='grc' dir='ltr'>θεάτρῳ</span> <span class='ocrx_word' id='word_1_167' title='bbox 733 2060 853 2096; x_wconf 75' lang='grc' dir='ltr'>λευκό-</span> 
     </span>
     <span class='ocr_line' id='line_1_35' title="bbox 142 2115 851 2164; baseline 0.003 -14"><span class='ocrx_word' id='word_1_168' title='bbox 142 2115 224 2152; x_wconf 88' lang='grc' dir='ltr'>λιθα</span> <span class='ocrx_word' id='word_1_169' title='bbox 237 2118 315 2161; x_wconf 90' lang='grc'><strong>510,</strong></span> <span class='ocrx_word' id='word_1_170' title='bbox 324 2125 354 2152; x_wconf 92' lang='grc'>9.</span> <span class='ocrx_word' id='word_1_171' title='bbox 379 2117 579 2156; x_wconf 79' lang='grc' dir='ltr'>λευίιόλιθος</span> <span class='ocrx_word' id='word_1_172' title='bbox 592 2117 702 2164; x_wconf 84' lang='grc' dir='ltr'>στήλη</span> <span class='ocrx_word' id='word_1_173' title='bbox 714 2119 851 2162; x_wconf 82' lang='grc'><strong>458,63.</strong></span> 
     </span>
     <span class='ocr_line' id='line_1_36' title="bbox 145 2172 646 2219; baseline 0.002 -12"><span class='ocrx_word' id='word_1_174' title='bbox 145 2172 266 2218; x_wconf 89' lang='grc' dir='ltr'>στῆλαι</span> <span class='ocrx_word' id='word_1_175' title='bbox 287 2173 488 2210; x_wconf 70' lang='grc' dir='ltr'>λευκόλιθοι</span> <span class='ocrx_word' id='word_1_176' title='bbox 511 2175 589 2219; x_wconf 90' lang='grc'><strong>458,</strong></span> <span class='ocrx_word' id='word_1_177' title='bbox 605 2182 646 2209; x_wconf 90' lang='grc'>65</span> 
     </span>
    </p>

    <p class='ocr_par' dir='ltr' id='par_1_17' title="bbox 97 2235 852 2328">
     <span class='ocr_line' id='line_1_37' title="bbox 97 2235 852 2281; baseline 0.003 -11"><span class='ocrx_word' id='word_1_178' title='bbox 97 2235 221 2276; x_wconf 66' lang='grc' dir='ltr'>λευκὸς</span> <span class='ocrx_word' id='word_1_179' title='bbox 255 2235 351 2274; x_wconf 80' lang='grc' dir='ltr'>λίθος</span> <span class='ocrx_word' id='word_1_180' title='bbox 387 2237 466 2280; x_wconf 88' lang='grc'><strong>219,</strong></span> <span class='ocrx_word' id='word_1_181' title='bbox 491 2244 544 2272; x_wconf 87' lang='grc'><strong>36.</strong></span> <span class='ocrx_word' id='word_1_182' title='bbox 581 2238 658 2281; x_wconf 89' lang='grc'><strong>268,</strong></span> <span class='ocrx_word' id='word_1_183' title='bbox 685 2245 736 2272; x_wconf 92' lang='lat'><strong>17.</strong></span> <span class='ocrx_word' id='word_1_184' title='bbox 775 2238 852 2276; x_wconf 84' lang='lat'>339,</span> 
     </span>
     <span class='ocr_line' id='line_1_38' title="bbox 147 2300 284 2328; baseline 0.007 -1"><span class='ocrx_word' id='word_1_185' title='bbox 147 2300 200 2327; x_wconf 77' lang='lat'>34.</span> <span class='ocrx_word' id='word_1_186' title='bbox 222 2301 284 2328; x_wconf 83' lang='lat'>105</span> 
     </span>
    </p>

    <p class='ocr_par' dir='ltr' id='par_1_18' title="bbox 99 2349 349 2394">
     <span class='ocr_line' id='line_1_39' title="bbox 99 2349 349 2394; baseline 0 -10"><span class='ocrx_word' id='word_1_187' title='bbox 99 2349 186 2384; x_wconf 80' lang='grc' dir='ltr'>λέων</span> <span class='ocrx_word' id='word_1_188' title='bbox 211 2350 290 2394; x_wconf 92' lang='grc'><strong>201,</strong></span> <span class='ocrx_word' id='word_1_189' title='bbox 310 2358 349 2384; x_wconf 86' lang='grc'>15</span> 
     </span>
    </p>
   </div>
   <div class='ocr_carea' id='block_1_8' title="bbox 15 2389 853 2572">
    <p class='ocr_par' dir='ltr' id='par_1_19' title="bbox 15 2389 853 2572">
     <span class='ocr_line' id='line_1_40' title="bbox 21 2389 682 2452; baseline 0.005 -13"><span class='ocrx_word' id='word_1_190' title='bbox 21 2389 23 2391; x_wconf 12' lang='lat' dir='ltr'><em>V</em></span> <span class='ocrx_word' id='word_1_191' title='bbox 98 2405 272 2452; x_wconf 79' lang='grc' dir='ltr'>λεωφόροι</span> <span class='ocrx_word' id='word_1_192' title='bbox 294 2406 374 2450; x_wconf 87' lang='grc'><strong>483,</strong></span> <span class='ocrx_word' id='word_1_193' title='bbox 393 2413 445 2440; x_wconf 86' lang='grc'>25.</span> <span class='ocrx_word' id='word_1_194' title='bbox 473 2408 550 2450; x_wconf 90' lang='grc'><strong>519,</strong></span> <span class='ocrx_word' id='word_1_195' title='bbox 572 2415 622 2442; x_wconf 89' lang='lat'><strong>18.</strong></span> <span class='ocrx_word' id='word_1_196' title='bbox 642 2414 682 2442; x_wconf 89' lang='lat'>20</span> 
     </span>
     <span class='ocr_line' id='line_1_41' title="bbox 15 2460 816 2514; baseline 0.007 -16"><span class='ocrx_word' id='word_1_197' title='bbox 15 2485 26 2507; x_wconf 59' lang='lat' dir='ltr'>-ss</span> <span class='ocrx_word' id='word_1_198' title='bbox 96 2460 265 2514; x_wconf 69' lang='grc' dir='ltr'>λη’ζομαι·</span> <span class='ocrx_word' id='word_1_199' title='bbox 289 2467 360 2507; x_wconf 82' lang='grc' dir='ltr'>τοὶς</span> <span class='ocrx_word' id='word_1_200' title='bbox 377 2463 550 2507; x_wconf 82' lang='grc' dir='ltr'>Ἕλλανας</span> <span class='ocrx_word' id='word_1_201' title='bbox 574 2469 724 2509; x_wconf 76' lang='grc' dir='ltr'>ἐλαῖζετο</span> <span class='ocrx_word' id='word_1_202' title='bbox 749 2472 781 2514; x_wconf 88' lang='grc'><strong>8,</strong></span> <span class='ocrx_word' id='word_1_203' title='bbox 798 2478 816 2504; x_wconf 90' lang='grc'>4</span> 
     </span>
     <span class='ocr_line' id='line_1_42' title="bbox 20 2523 853 2572; baseline 0.011 -20"><span class='ocrx_word' id='word_1_204' title='bbox 20 2542 24 2550; x_wconf 67' lang='lat'><em>,</em></span> <span class='ocrx_word' id='word_1_205' title='bbox 98 2523 244 2572; x_wconf 71' lang='grc' dir='ltr'>λῃστής·</span> <span class='ocrx_word' id='word_1_206' title='bbox 280 2524 478 2570; x_wconf 83' lang='grc' dir='ltr'>διαρπάσαις</span> <span class='ocrx_word' id='word_1_207' title='bbox 505 2525 591 2570; x_wconf 79' lang='grc' dir='ltr'>μετὰ</span> <span class='ocrx_word' id='word_1_208' title='bbox 619 2531 687 2560; x_wconf 85' lang='grc' dir='ltr'>τῶν</span> <span class='ocrx_word' id='word_1_209' title='bbox 712 2526 853 2561; x_wconf 81' lang='grc' dir='ltr'>λαϊστᾶν</span> 
     </span>
    </p>
   </div>
   <div class='ocr_carea' id='block_1_9' title="bbox 99 2582 855 2917">
    <p class='ocr_par' dir='ltr' id='par_1_20' title="bbox 147 2582 382 2625">
     <span class='ocr_line' id='line_1_43' title="bbox 147 2582 382 2625; baseline 0 -10"><span class='ocrx_word' id='word_1_210' title='bbox 147 2582 178 2625; x_wconf 90' lang='grc'>8,</span> <span class='ocrx_word' id='word_1_211' title='bbox 199 2588 251 2616; x_wconf 89' lang='grc'>12.</span> <span class='ocrx_word' id='word_1_212' title='bbox 271 2588 323 2616; x_wconf 84' lang='grc'>52.</span> <span class='ocrx_word' id='word_1_213' title='bbox 343 2589 382 2615; x_wconf 84' lang='grc'>53</span> 
     </span>
    </p>

    <p class='ocr_par' dir='ltr' id='par_1_21' title="bbox 99 2635 610 2684">
     <span class='ocr_line' id='line_1_44' title="bbox 99 2635 610 2684; baseline 0.004 -13"><span class='ocrx_word' id='word_1_214' title='bbox 99 2635 306 2684; x_wconf 72' lang='grc' dir='ltr'>λιβανωτικά</span> <span class='ocrx_word' id='word_1_215' title='bbox 331 2637 552 2684; x_wconf 11' lang='grc' dir='ltr'><strong>φορτίαγ132,</strong></span> <span class='ocrx_word' id='word_1_216' title='bbox 573 2647 610 2673; x_wconf 91' lang='grc'>11</span> 
     </span>
    </p>

    <p class='ocr_par' dir='ltr' id='par_1_22' title="bbox 99 2698 855 2917">
     <span class='ocr_line' id='line_1_45' title="bbox 99 2698 855 2747; baseline 0.005 -14"><span class='ocrx_word' id='word_1_217' title='bbox 99 2698 286 2744; x_wconf 86' lang='grc' dir='ltr'>λιβανωτός</span> <span class='ocrx_word' id='word_1_218' title='bbox 321 2702 399 2744; x_wconf 87' lang='grc'><strong>214,</strong></span> <span class='ocrx_word' id='word_1_219' title='bbox 426 2709 480 2736; x_wconf 91' lang='grc'>58.</span> <span class='ocrx_word' id='word_1_220' title='bbox 531 2700 781 2747; x_wconf 79' lang='grc' dir='ltr'>προσφέρεσθαι</span> <span class='ocrx_word' id='word_1_221' title='bbox 817 2703 855 2737; x_wconf 81' lang='grc' dir='ltr'>δὲ</span> 
     </span>
     <span class='ocr_line' id='line_1_46' title="bbox 146 2755 854 2802; baseline 0.004 -12"><span class='ocrx_word' id='word_1_222' title='bbox 146 2757 205 2790; x_wconf 68' lang='grc' dir='ltr'>καὶ</span> <span class='ocrx_word' id='word_1_223' title='bbox 220 2755 407 2802; x_wconf 81' lang='grc' dir='ltr'>λιβανωτόν</span> <span class='ocrx_word' id='word_1_224' title='bbox 432 2758 511 2802; x_wconf 89' lang='grc'><strong>268,</strong></span> <span class='ocrx_word' id='word_1_225' title='bbox 531 2765 583 2792; x_wconf 89' lang='grc'>16.</span> <span class='ocrx_word' id='word_1_226' title='bbox 623 2757 854 2794; x_wconf 83' lang='grc' dir='ltr'>ἐπιθυέτωσαν</span> 
     </span>
     <span class='ocr_line' id='line_1_47' title="bbox 148 2812 854 2860; baseline 0.004 -14"><span class='ocrx_word' id='word_1_227' title='bbox 148 2812 335 2857; x_wconf 82' lang='grc' dir='ltr'>λιβανωτὸν</span> <span class='ocrx_word' id='word_1_228' title='bbox 365 2814 421 2848; x_wconf 85' lang='grc' dir='ltr'>ἐπὶ</span> <span class='ocrx_word' id='word_1_229' title='bbox 449 2817 509 2849; x_wconf 75' lang='grc' dir='ltr'>τοῦ</span> <span class='ocrx_word' id='word_1_230' title='bbox 540 2813 660 2860; x_wconf 85' lang='grc' dir='ltr'>βωμοῦ</span> <span class='ocrx_word' id='word_1_231' title='bbox 700 2815 778 2859; x_wconf 87' lang='grc'><strong>332,</strong></span> <span class='ocrx_word' id='word_1_232' title='bbox 803 2822 854 2850; x_wconf 92' lang='grc'>12.</span> 
     </span>
     <span class='ocr_line' id='line_1_48' title="bbox 149 2868 854 2917; baseline 0.004 -14"><span class='ocrx_word' id='word_1_233' title='bbox 149 2868 351 2908; x_wconf 74' lang='grc' dir='ltr'>ἐπιθύοντας</span> <span class='ocrx_word' id='word_1_234' title='bbox 386 2871 444 2905; x_wconf 83' lang='grc' dir='ltr'>τὸν</span> <span class='ocrx_word' id='word_1_235' title='bbox 481 2870 668 2917; x_wconf 72' lang='grc' dir='ltr'>λιβανωτόν</span> <span class='ocrx_word' id='word_1_236' title='bbox 706 2873 783 2915; x_wconf 88' lang='grc'><strong>332,</strong></span> <span class='ocrx_word' id='word_1_237' title='bbox 801 2879 854 2906; x_wconf 84' lang='grc'>29.</span> 
     </span>
    </p>
   </div>
   <div class='ocr_carea' id='block_1_10' title="bbox 1590 121 1674 163">
    <p class='ocr_par' dir='ltr' id='par_1_23' title="bbox 1590 121 1674 163">
     <span class='ocr_line' id='line_1_49' title="bbox 1590 121 1674 163; baseline 0 -1"><span class='ocrx_word' id='word_1_238' title='bbox 1590 121 1674 163; x_wconf 90' lang='grc'>679</span> 
     </span>
    </p>
   </div>
   <div class='ocr_carea' id='block_1_11' title="bbox 920 254 1682 2915">
    <p class='ocr_par' dir='ltr' id='par_1_24' title="bbox 968 254 1675 356">
     <span class='ocr_line' id='line_1_50' title="bbox 968 254 1675 305; baseline 0.006 -17"><span class='ocrx_word' id='word_1_239' title='bbox 968 254 1140 294; x_wconf 74' lang='grc' dir='ltr'>ἐπιθύσεις</span> <span class='ocrx_word' id='word_1_240' title='bbox 1168 255 1359 301; x_wconf 77' lang='grc' dir='ltr'>λιβανωτοῦ</span> <span class='ocrx_word' id='word_1_241' title='bbox 1389 257 1449 291; x_wconf 72' lang='grc' dir='ltr'>καὶ</span> <span class='ocrx_word' id='word_1_242' title='bbox 1484 256 1675 305; x_wconf 82' lang='grc' dir='ltr'>ἀρωμάτων</span> 
     </span>
     <span class='ocr_line' id='line_1_51' title="bbox 968 313 1128 356; baseline 0.006 -10"><span class='ocrx_word' id='word_1_243' title='bbox 968 313 1046 356; x_wconf 84' lang='grc'><strong>383,</strong></span> <span class='ocrx_word' id='word_1_244' title='bbox 1067 319 1128 348; x_wconf 83' lang='grc'>142</span> 
     </span>
    </p>

    <p class='ocr_par' dir='ltr' id='par_1_25' title="bbox 920 368 1544 419">
     <span class='ocr_line' id='line_1_52' title="bbox 920 368 1544 419; baseline 0.006 -17"><span class='ocrx_word' id='word_1_245' title='bbox 920 368 1192 416; x_wconf 83' lang='grc' dir='ltr'>λιβανωτοφόροι</span> <span class='ocrx_word' id='word_1_246' title='bbox 1217 370 1382 419; x_wconf 85' lang='grc' dir='ltr'>βάρβαροι</span> <span class='ocrx_word' id='word_1_247' title='bbox 1407 372 1484 415; x_wconf 88' lang='grc'><strong>199,</strong></span> <span class='ocrx_word' id='word_1_248' title='bbox 1503 378 1544 406; x_wconf 85' lang='grc'>20</span> 
     </span>
    </p>

    <p class='ocr_par' dir='ltr' id='par_1_26' title="bbox 920 425 1678 584">
     <span class='ocr_line' id='line_1_53' title="bbox 920 425 1676 473; baseline 0.005 -14"><span class='ocrx_word' id='word_1_249' title='bbox 920 425 1034 460; x_wconf 88' lang='grc' dir='ltr'>λιθεία</span> <span class='ocrx_word' id='word_1_250' title='bbox 1063 426 1255 473; x_wconf 87' lang='grc' dir='ltr'>πολυτελής</span> <span class='ocrx_word' id='word_1_251' title='bbox 1287 429 1363 472; x_wconf 88' lang='grc'><strong>132,</strong></span> <span class='ocrx_word' id='word_1_252' title='bbox 1383 436 1413 464; x_wconf 88' lang='grc'>8.</span> <span class='ocrx_word' id='word_1_253' title='bbox 1458 428 1526 463; x_wconf 88' lang='grc' dir='ltr'>ἀπὸ</span> <span class='ocrx_word' id='word_1_254' title='bbox 1548 427 1676 468; x_wconf 75' lang='grc' dir='ltr'>λιθείας</span> 
     </span>
     <span class='ocr_line' id='line_1_54' title="bbox 968 484 1678 532; baseline 0.006 -16"><span class='ocrx_word' id='word_1_255' title='bbox 968 487 1046 527; x_wconf 86' lang='grc' dir='ltr'>μιᾶς</span> <span class='ocrx_word' id='word_1_256' title='bbox 1087 484 1165 528; x_wconf 90' lang='grc'><strong>383,</strong></span> <span class='ocrx_word' id='word_1_257' title='bbox 1195 492 1247 519; x_wconf 84' lang='grc'>59.</span> <span class='ocrx_word' id='word_1_258' title='bbox 1305 485 1339 520; x_wconf 88' lang='grc' dir='ltr'>ἐν</span> <span class='ocrx_word' id='word_1_259' title='bbox 1381 485 1454 532; x_wconf 81' lang='grc' dir='ltr'>ἱερᾷ</span> <span class='ocrx_word' id='word_1_260' title='bbox 1489 497 1526 520; x_wconf 89' lang='grc' dir='ltr'>τε</span> <span class='ocrx_word' id='word_1_261' title='bbox 1564 484 1678 532; x_wconf 77' lang='grc' dir='ltr'>λιθείᾳ</span> 
     </span>
     <span class='ocr_line' id='line_1_55' title="bbox 968 542 1105 584; baseline -0.007 -9"><span class='ocrx_word' id='word_1_262' title='bbox 968 542 1047 584; x_wconf 85' lang='grc'><strong>404,</strong></span> <span class='ocrx_word' id='word_1_263' title='bbox 1067 547 1105 575; x_wconf 71' lang='grc'>24</span> 
     </span>
    </p>

    <p class='ocr_par' dir='ltr' id='par_1_27' title="bbox 920 597 1677 760">
     <span class='ocr_line' id='line_1_56' title="bbox 920 597 1677 645; baseline 0.004 -14"><span class='ocrx_word' id='word_1_264' title='bbox 920 597 1062 636; x_wconf 88' lang='grc' dir='ltr'>λίθινος·</span> <span class='ocrx_word' id='word_1_265' title='bbox 1101 597 1211 645; x_wconf 84' lang='grc' dir='ltr'>στήλη</span> <span class='ocrx_word' id='word_1_266' title='bbox 1243 597 1371 645; x_wconf 78' lang='grc' dir='ltr'>λιθίνη,</span> <span class='ocrx_word' id='word_1_267' title='bbox 1402 599 1523 645; x_wconf 86' lang='grc' dir='ltr'>στῆλαι</span> <span class='ocrx_word' id='word_1_268' title='bbox 1551 599 1677 635; x_wconf 75' lang='grc' dir='ltr'>λίθιναι</span> 
     </span>
     <span class='ocr_line' id='line_1_57' title="bbox 961 654 1677 702; baseline 0.001 -12"><span class='ocrx_word' id='word_1_269' title='bbox 961 654 1118 700; x_wconf 77' lang='lat' dir='ltr'><strong>passim.</strong></span> <span class='ocrx_word' id='word_1_270' title='bbox 1169 655 1255 700; x_wconf 79' lang='grc' dir='ltr'>μετὰ</span> <span class='ocrx_word' id='word_1_271' title='bbox 1282 659 1343 690; x_wconf 76' lang='grc' dir='ltr'>τοῦ</span> <span class='ocrx_word' id='word_1_272' title='bbox 1375 654 1603 702; x_wconf 73' lang='grc' dir='ltr'>ὑποκειμένου</span> <span class='ocrx_word' id='word_1_273' title='bbox 1626 657 1677 691; x_wconf 92' lang='grc' dir='ltr'>λι-</span> 
     </span>
     <span class='ocr_line' id='line_1_58' title="bbox 966 712 1522 760; baseline 0 -12"><span class='ocrx_word' id='word_1_274' title='bbox 966 712 1061 748; x_wconf 86' lang='grc' dir='ltr'>θίνου</span> <span class='ocrx_word' id='word_1_275' title='bbox 1086 712 1237 760; x_wconf 84' lang='grc' dir='ltr'>σχήματι</span> <span class='ocrx_word' id='word_1_276' title='bbox 1261 714 1381 760; x_wconf 79' lang='grc' dir='ltr'>βωμοῦ</span> <span class='ocrx_word' id='word_1_277' title='bbox 1406 714 1485 758; x_wconf 89' lang='grc'><strong>526,</strong></span> <span class='ocrx_word' id='word_1_278' title='bbox 1506 722 1522 748; x_wconf 89' lang='grc'><strong>3</strong></span> 
     </span>
    </p>

    <p class='ocr_par' dir='ltr' id='par_1_28' title="bbox 921 768 1446 816">
     <span class='ocr_line' id='line_1_59' title="bbox 921 768 1446 816; baseline 0.004 -13"><span class='ocrx_word' id='word_1_279' title='bbox 921 768 1126 808; x_wconf 71' lang='grc' dir='ltr'>λιθόκολλος</span> <span class='ocrx_word' id='word_1_280' title='bbox 1149 770 1284 816; x_wconf 70' lang='grc' dir='ltr'>ψυκτήρ</span> <span class='ocrx_word' id='word_1_281' title='bbox 1309 771 1388 814; x_wconf 84' lang='grc'><strong>214,</strong></span> <span class='ocrx_word' id='word_1_282' title='bbox 1407 778 1446 805; x_wconf 97' lang='grc'>47</span> 
     </span>
    </p>

    <p class='ocr_par' dir='ltr' id='par_1_29' title="bbox 921 826 1680 1271">
     <span class='ocr_line' id='line_1_60' title="bbox 921 826 1677 874; baseline 0.004 -14"><span class='ocrx_word' id='word_1_283' title='bbox 921 826 1034 865; x_wconf 90' lang='grc' dir='ltr'>λίθος·</span> <span class='ocrx_word' id='word_1_284' title='bbox 1071 826 1168 861; x_wconf 77' lang='grc' dir='ltr'>οὐδὲν</span> <span class='ocrx_word' id='word_1_285' title='bbox 1200 826 1238 861; x_wconf 79' lang='grc' dir='ltr'>δὲ</span> <span class='ocrx_word' id='word_1_286' title='bbox 1269 826 1450 873; x_wconf 79' lang='grc' dir='ltr'>ἐθαύμασα</span> <span class='ocrx_word' id='word_1_287' title='bbox 1479 827 1510 862; x_wconf 81' lang='grc' dir='ltr'>εἰ</span> <span class='ocrx_word' id='word_1_288' title='bbox 1540 828 1589 874; x_wconf 84' lang='grc' dir='ltr'>μὴ</span> <span class='ocrx_word' id='word_1_289' title='bbox 1619 828 1677 863; x_wconf 82' lang='grc' dir='ltr'>τὸν</span> 
     </span>
     <span class='ocr_line' id='line_1_61' title="bbox 966 882 1676 929; baseline 0.003 -12"><span class='ocrx_word' id='word_1_290' title='bbox 966 882 1064 919; x_wconf 87' lang='grc' dir='ltr'>λίθον</span> <span class='ocrx_word' id='word_1_291' title='bbox 1089 883 1168 927; x_wconf 87' lang='grc'><strong>688,</strong></span> <span class='ocrx_word' id='word_1_292' title='bbox 1187 891 1217 919; x_wconf 88' lang='grc'>6.</span> <span class='ocrx_word' id='word_1_293' title='bbox 1257 882 1356 922; x_wconf 87' lang='grc' dir='ltr'>λίθος</span> <span class='ocrx_word' id='word_1_294' title='bbox 1379 883 1502 922; x_wconf 70' lang='grc' dir='ltr'>λευκός</span> <span class='ocrx_word' id='word_1_295' title='bbox 1526 886 1605 929; x_wconf 78' lang='grc'><strong>219,</strong></span> <span class='ocrx_word' id='word_1_296' title='bbox 1624 892 1676 920; x_wconf 84' lang='grc'>36.</span> 
     </span>
     <span class='ocr_line' id='line_1_62' title="bbox 968 941 1678 988; baseline 0.001 -13"><span class='ocrx_word' id='word_1_297' title='bbox 968 941 1046 985; x_wconf 90' lang='grc'><strong>268,</strong></span> <span class='ocrx_word' id='word_1_298' title='bbox 1067 949 1120 975; x_wconf 83' lang='grc'>17.</span> <span class='ocrx_word' id='word_1_299' title='bbox 1153 942 1232 985; x_wconf 89' lang='grc'><strong>339,</strong></span> <span class='ocrx_word' id='word_1_300' title='bbox 1251 948 1303 976; x_wconf 81' lang='grc'>34.</span> <span class='ocrx_word' id='word_1_301' title='bbox 1324 948 1398 975; x_wconf 84' lang='lat'><strong>105.</strong></span> <span class='ocrx_word' id='word_1_302' title='bbox 1445 941 1543 981; x_wconf 81' lang='grc' dir='ltr'>λίθος</span> <span class='ocrx_word' id='word_1_303' title='bbox 1573 941 1678 988; x_wconf 73' lang='grc' dir='ltr'>σκλη-</span> 
     </span>
     <span class='ocr_line' id='line_1_63' title="bbox 969 996 1676 1044; baseline 0.003 -13"><span class='ocrx_word' id='word_1_304' title='bbox 969 997 1026 1043; x_wconf 85' lang='grc' dir='ltr'>ρός</span> <span class='ocrx_word' id='word_1_305' title='bbox 1059 998 1135 1041; x_wconf 88' lang='grc'><strong>194,</strong></span> <span class='ocrx_word' id='word_1_306' title='bbox 1155 1004 1208 1032; x_wconf 87' lang='grc'>28.</span> <span class='ocrx_word' id='word_1_307' title='bbox 1254 996 1352 1036; x_wconf 88' lang='grc' dir='ltr'>λίθος</span> <span class='ocrx_word' id='word_1_308' title='bbox 1383 998 1517 1044; x_wconf 89' lang='grc' dir='ltr'>στερεός</span> <span class='ocrx_word' id='word_1_309' title='bbox 1548 1000 1604 1043; x_wconf 88' lang='grc'>90,</span> <span class='ocrx_word' id='word_1_310' title='bbox 1625 1006 1676 1033; x_wconf 90' lang='grc'>54.</span> 
     </span>
     <span class='ocr_line' id='line_1_64' title="bbox 967 1053 1678 1098; baseline 0.003 -10"><span class='ocrx_word' id='word_1_311' title='bbox 967 1053 1059 1089; x_wconf 90' lang='grc' dir='ltr'>λίθοι</span> <span class='ocrx_word' id='word_1_312' title='bbox 1082 1053 1282 1092; x_wconf 82' lang='grc' dir='ltr'>πολυτελεῖς</span> <span class='ocrx_word' id='word_1_313' title='bbox 1312 1056 1367 1098; x_wconf 91' lang='grc'>90,</span> <span class='ocrx_word' id='word_1_314' title='bbox 1387 1063 1439 1090; x_wconf 89' lang='grc'>34.</span> <span class='ocrx_word' id='word_1_315' title='bbox 1486 1054 1583 1091; x_wconf 86' lang='grc' dir='ltr'>λίθον</span> <span class='ocrx_word' id='word_1_316' title='bbox 1608 1054 1678 1090; x_wconf 81' lang='grc' dir='ltr'>διο-</span> 
     </span>
     <span class='ocr_line' id='line_1_65' title="bbox 969 1111 1678 1159; baseline 0.001 -14"><span class='ocrx_word' id='word_1_317' title='bbox 969 1111 1103 1156; x_wconf 75' lang='grc' dir='ltr'>ρίζοντα</span> <span class='ocrx_word' id='word_1_318' title='bbox 1133 1111 1231 1157; x_wconf 78' lang='grc' dir='ltr'>ὅρους</span> <span class='ocrx_word' id='word_1_319' title='bbox 1265 1131 1312 1137; x_wconf 92' lang='grc'><strong>-</strong></span> <span class='ocrx_word' id='word_1_320' title='bbox 1347 1111 1572 1159; x_wconf 85' lang='grc' dir='ltr'>στηριχθῆναι</span> <span class='ocrx_word' id='word_1_321' title='bbox 1603 1111 1678 1147; x_wconf 70' lang='grc' dir='ltr'>ἐκέ-</span> 
     </span>
     <span class='ocr_line' id='line_1_66' title="bbox 967 1167 1679 1212; baseline 0.001 -11"><span class='ocrx_word' id='word_1_322' title='bbox 967 1167 1089 1202; x_wconf 89' lang='grc' dir='ltr'>λευσαν</span> <span class='ocrx_word' id='word_1_323' title='bbox 1115 1169 1193 1212; x_wconf 92' lang='grc'><strong>612,</strong></span> <span class='ocrx_word' id='word_1_324' title='bbox 1214 1176 1243 1203; x_wconf 82' lang='grc'>5.</span> <span class='ocrx_word' id='word_1_325' title='bbox 1276 1169 1353 1212; x_wconf 87' lang='grc'><strong>769,</strong></span> <span class='ocrx_word' id='word_1_326' title='bbox 1373 1177 1403 1204; x_wconf 90' lang='grc'>8.</span> <span class='ocrx_word' id='word_1_327' title='bbox 1443 1167 1567 1203; x_wconf 87' lang='grc' dir='ltr'>στάλαν</span> <span class='ocrx_word' id='word_1_328' title='bbox 1591 1168 1679 1204; x_wconf 66' lang='grc' dir='ltr'>λιθί»</span> 
     </span>
     <span class='ocr_line' id='line_1_67' title="bbox 966 1223 1680 1271; baseline 0 -11"><span class='ocrx_word' id='word_1_329' title='bbox 966 1237 1027 1260; x_wconf 90' lang='grc' dir='ltr'>ναν</span> <span class='ocrx_word' id='word_1_330' title='bbox 1052 1230 1101 1260; x_wconf 79' lang='grc' dir='ltr'>τῶ</span> <span class='ocrx_word' id='word_1_331' title='bbox 1118 1225 1157 1260; x_wconf 73' lang='grc' dir='ltr'>ἐκ</span> <span class='ocrx_word' id='word_1_332' title='bbox 1174 1223 1310 1271; x_wconf 85' lang='grc' dir='ltr'>Θέρμας</span> <span class='ocrx_word' id='word_1_333' title='bbox 1330 1224 1418 1260; x_wconf 89' lang='grc' dir='ltr'>λίθω</span> <span class='ocrx_word' id='word_1_334' title='bbox 1442 1227 1474 1269; x_wconf 83' lang='grc'>4,</span> <span class='ocrx_word' id='word_1_335' title='bbox 1493 1233 1547 1260; x_wconf 81' lang='grc'>47.</span> <span class='ocrx_word' id='word_1_336' title='bbox 1586 1225 1680 1261; x_wconf 84' lang='grc' dir='ltr'>λίθοι</span> 
     </span>
    </p>

    <p class='ocr_par' dir='ltr' id='par_1_30' title="bbox 938 1283 1105 1326">
     <span class='ocr_line' id='line_1_68' title="bbox 938 1283 1105 1326; baseline -0.012 -8"><span class='ocrx_word' id='word_1_337' title='bbox 938 1300 953 1302; x_wconf 36' lang='lat'>*1</span> <span class='ocrx_word' id='word_1_338' title='bbox 963 1283 1047 1326; x_wconf 80' lang='lat'>483,</span> <span class='ocrx_word' id='word_1_339' title='bbox 1068 1290 1105 1316; x_wconf 83' lang='lat'><strong>61</strong></span> 
     </span>
    </p>

    <p class='ocr_par' dir='ltr' id='par_1_31' title="bbox 922 1338 1679 1613">
     <span class='ocr_line' id='line_1_69' title="bbox 922 1338 1675 1386; baseline -0.001 -12"><span class='ocrx_word' id='word_1_340' title='bbox 922 1339 1028 1386; x_wconf 86' lang='grc' dir='ltr'>λιμήν</span> <span class='ocrx_word' id='word_1_341' title='bbox 1073 1340 1152 1384; x_wconf 88' lang='grc'><strong>629,</strong></span> <span class='ocrx_word' id='word_1_342' title='bbox 1188 1348 1263 1374; x_wconf 88' lang='grc'><strong>115.</strong></span> <span class='ocrx_word' id='word_1_343' title='bbox 1325 1338 1462 1384; x_wconf 81' lang='grc' dir='ltr'>λιμένες</span> <span class='ocrx_word' id='word_1_344' title='bbox 1510 1341 1586 1382; x_wconf 87' lang='grc'><strong>194,</strong></span> <span class='ocrx_word' id='word_1_345' title='bbox 1622 1346 1675 1374; x_wconf 88' lang='grc'>22.</span> 
     </span>
     <span class='ocr_line' id='line_1_70' title="bbox 969 1395 1678 1442; baseline 0 -12"><span class='ocrx_word' id='word_1_346' title='bbox 969 1397 1048 1441; x_wconf 87' lang='grc'><strong>270,</strong></span> <span class='ocrx_word' id='word_1_347' title='bbox 1068 1404 1119 1432; x_wconf 90' lang='grc'>12.</span> <span class='ocrx_word' id='word_1_348' title='bbox 1151 1397 1232 1440; x_wconf 83' lang='grc'><strong>441,</strong></span> <span class='ocrx_word' id='word_1_349' title='bbox 1251 1403 1304 1431; x_wconf 81' lang='grc'>96.</span> <span class='ocrx_word' id='word_1_350' title='bbox 1326 1403 1400 1432; x_wconf 82' lang='grc'><strong>103.</strong></span> <span class='ocrx_word' id='word_1_351' title='bbox 1445 1395 1605 1442; x_wconf 78' lang='grc' dir='ltr'>ἀρχώνης</span> <span class='ocrx_word' id='word_1_352' title='bbox 1628 1395 1678 1430; x_wconf 88' lang='grc' dir='ltr'>λι-</span> 
     </span>
     <span class='ocr_line' id='line_1_71' title="bbox 970 1451 1678 1499; baseline 0.001 -12"><span class='ocrx_word' id='word_1_353' title='bbox 970 1453 1080 1498; x_wconf 86' lang='grc' dir='ltr'>μένων</span> <span class='ocrx_word' id='word_1_354' title='bbox 1094 1454 1173 1497; x_wconf 87' lang='grc'><strong>480,</strong></span> <span class='ocrx_word' id='word_1_355' title='bbox 1185 1460 1215 1488; x_wconf 89' lang='grc'>2.</span> <span class='ocrx_word' id='word_1_356' title='bbox 1239 1453 1398 1488; x_wconf 73' lang='grc' dir='ltr'>κοινωνοὶ</span> <span class='ocrx_word' id='word_1_357' title='bbox 1411 1453 1559 1499; x_wconf 84' lang='grc' dir='ltr'>λιμένων</span> <span class='ocrx_word' id='word_1_358' title='bbox 1572 1451 1678 1491; x_wconf 85' lang='grc' dir='ltr'>Ἀσίας</span> 
     </span>
     <span class='ocr_line' id='line_1_72' title="bbox 971 1510 1679 1557; baseline 0 -13"><span class='ocrx_word' id='word_1_359' title='bbox 971 1512 1048 1555; x_wconf 89' lang='grc'><strong>522,</strong></span> <span class='ocrx_word' id='word_1_360' title='bbox 1069 1518 1099 1545; x_wconf 88' lang='lat'>3.</span> <span class='ocrx_word' id='word_1_361' title='bbox 1143 1510 1304 1557; x_wconf 84' lang='grc' dir='ltr'>ἀρχώνης</span> <span class='ocrx_word' id='word_1_362' title='bbox 1331 1514 1606 1557; x_wconf 70' lang='grc' dir='ltr'>τεσσαρακοστῆς</span> <span class='ocrx_word' id='word_1_363' title='bbox 1627 1510 1679 1544; x_wconf 89' lang='grc' dir='ltr'>λι-</span> 
     </span>
     <span class='ocr_line' id='line_1_73' title="bbox 971 1565 1356 1613; baseline -0.003 -11"><span class='ocrx_word' id='word_1_364' title='bbox 971 1568 1083 1613; x_wconf 79' lang='grc' dir='ltr'>μένων</span> <span class='ocrx_word' id='word_1_365' title='bbox 1107 1565 1214 1606; x_wconf 86' lang='grc' dir='ltr'>Ἀσίας</span> <span class='ocrx_word' id='word_1_366' title='bbox 1240 1568 1317 1611; x_wconf 90' lang='grc'><strong>525,</strong></span> <span class='ocrx_word' id='word_1_367' title='bbox 1339 1575 1356 1601; x_wconf 87' lang='grc'>5</span> 
     </span>
    </p>

    <p class='ocr_par' dir='ltr' id='par_1_32' title="bbox 923 1623 1678 1724">
     <span class='ocr_line' id='line_1_74' title="bbox 923 1623 1678 1671; baseline -0.003 -12"><span class='ocrx_word' id='word_1_368' title='bbox 923 1624 1045 1671; x_wconf 86' lang='grc' dir='ltr'>λίμνη·</span> <span class='ocrx_word' id='word_1_369' title='bbox 1082 1625 1149 1659; x_wconf 79' lang='grc' dir='ltr'>ἀπὸ</span> <span class='ocrx_word' id='word_1_370' title='bbox 1177 1627 1238 1659; x_wconf 80' lang='grc' dir='ltr'>τοῦ</span> <span class='ocrx_word' id='word_1_371' title='bbox 1270 1625 1437 1669; x_wconf 81' lang='grc' dir='ltr'>στόματος</span> <span class='ocrx_word' id='word_1_372' title='bbox 1468 1627 1531 1670; x_wconf 84' lang='grc' dir='ltr'>τῆς</span> <span class='ocrx_word' id='word_1_373' title='bbox 1556 1623 1678 1669; x_wconf 83' lang='grc' dir='ltr'>λίμνης</span> 
     </span>
     <span class='ocr_line' id='line_1_75' title="bbox 970 1683 1107 1724; baseline -0.007 -9"><span class='ocrx_word' id='word_1_374' title='bbox 970 1683 1050 1724; x_wconf 87' lang='grc'><strong>572,</strong></span> <span class='ocrx_word' id='word_1_375' title='bbox 1069 1689 1107 1716; x_wconf 81' lang='grc'>17</span> 
     </span>
    </p>

    <p class='ocr_par' dir='ltr' id='par_1_33' title="bbox 923 1733 1679 1842">
     <span class='ocr_line' id='line_1_76' title="bbox 923 1733 1679 1784; baseline -0.001 -12"><span class='ocrx_word' id='word_1_376' title='bbox 923 1737 1144 1784; x_wconf 81' lang='grc' dir='ltr'>λιποψυχέω·</span> <span class='ocrx_word' id='word_1_377' title='bbox 1177 1737 1334 1772; x_wconf 86' lang='grc' dir='ltr'>ἁπάντων</span> <span class='ocrx_word' id='word_1_378' title='bbox 1361 1738 1398 1772; x_wconf 83' lang='grc' dir='ltr'>δὲ</span> <span class='ocrx_word' id='word_1_379' title='bbox 1431 1737 1485 1771; x_wconf 81' lang='grc' dir='ltr'>διὰ</span> <span class='ocrx_word' id='word_1_380' title='bbox 1507 1733 1570 1782; x_wconf 84' lang='grc' dir='ltr'>τὴν</span> <span class='ocrx_word' id='word_1_381' title='bbox 1595 1737 1679 1772; x_wconf 88' lang='grc' dir='ltr'>ἀπο·</span> 
     </span>
     <span class='ocr_line' id='line_1_77' title="bbox 971 1794 1558 1842; baseline -0.002 -14"><span class='ocrx_word' id='word_1_382' title='bbox 971 1794 1043 1841; x_wconf 88' lang='grc' dir='ltr'>ρίαν</span> <span class='ocrx_word' id='word_1_383' title='bbox 1066 1794 1397 1842; x_wconf 72' lang='grc' dir='ltr'>λελιποψυχηκότων</span> <span class='ocrx_word' id='word_1_384' title='bbox 1424 1795 1500 1838; x_wconf 84' lang='grc'><strong>194,</strong></span> <span class='ocrx_word' id='word_1_385' title='bbox 1522 1802 1558 1828; x_wconf 86' lang='grc'>17</span> 
     </span>
    </p>

    <p class='ocr_par' dir='ltr' id='par_1_34' title="bbox 922 1850 1175 1897">
     <span class='ocr_line' id='line_1_78' title="bbox 922 1850 1175 1897; baseline 0 -11"><span class='ocrx_word' id='word_1_386' title='bbox 922 1850 1036 1897; x_wconf 85' lang='grc' dir='ltr'>λίτραι</span> <span class='ocrx_word' id='word_1_387' title='bbox 1061 1852 1139 1895; x_wconf 89' lang='grc'><strong>521,</strong></span> <span class='ocrx_word' id='word_1_388' title='bbox 1159 1860 1175 1886; x_wconf 86' lang='grc'>4</span> 
     </span>
    </p>

    <p class='ocr_par' dir='ltr' id='par_1_35' title="bbox 923 1908 1298 1952">
     <span class='ocr_line' id='line_1_79' title="bbox 923 1908 1298 1952; baseline 0 -10"><span class='ocrx_word' id='word_1_389' title='bbox 923 1908 982 1952; x_wconf 77' lang='grc' dir='ltr'>λίψ</span> <span class='ocrx_word' id='word_1_390' title='bbox 1008 1909 1084 1952; x_wconf 87' lang='grc'><strong>176,</strong></span> <span class='ocrx_word' id='word_1_391' title='bbox 1105 1916 1135 1943; x_wconf 82' lang='grc'>9.</span> <span class='ocrx_word' id='word_1_392' title='bbox 1162 1909 1239 1952; x_wconf 88' lang='grc'><strong>178,</strong></span> <span class='ocrx_word' id='word_1_393' title='bbox 1261 1916 1298 1942; x_wconf 85' lang='lat'>10</span> 
     </span>
    </p>

    <p class='ocr_par' dir='ltr' id='par_1_36' title="bbox 922 1964 1679 2298">
     <span class='ocr_line' id='line_1_80' title="bbox 922 1964 1678 2012; baseline 0 -13"><span class='ocrx_word' id='word_1_394' title='bbox 922 1964 1073 2012; x_wconf 81' lang='grc' dir='ltr'>λογεύω·</span> <span class='ocrx_word' id='word_1_395' title='bbox 1094 1965 1132 2000; x_wconf 88' lang='grc' dir='ltr'>τὸ</span> <span class='ocrx_word' id='word_1_396' title='bbox 1157 1968 1218 2000; x_wconf 77' lang='grc' dir='ltr'>τοῦ</span> <span class='ocrx_word' id='word_1_397' title='bbox 1243 1964 1415 2011; x_wconf 74' lang='grc' dir='ltr'>σφάκτρου</span> <span class='ocrx_word' id='word_1_398' title='bbox 1439 1964 1537 2003; x_wconf 81' lang='grc' dir='ltr'>τέλος</span> <span class='ocrx_word' id='word_1_399' title='bbox 1555 1964 1602 2003; x_wconf 84' lang='grc' dir='ltr'>είς</span> <span class='ocrx_word' id='word_1_400' title='bbox 1619 1965 1678 2010; x_wconf 76' lang='grc' dir='ltr'>ὀη-</span> 
     </span>
     <span class='ocr_line' id='line_1_81' title="bbox 968 2020 1677 2069; baseline -0.001 -13"><span class='ocrx_word' id='word_1_401' title='bbox 968 2022 1084 2069; x_wconf 88' lang='grc' dir='ltr'>νάριον</span> <span class='ocrx_word' id='word_1_402' title='bbox 1118 2022 1245 2069; x_wconf 83' lang='grc' dir='ltr'>ὀφείλει</span> <span class='ocrx_word' id='word_1_403' title='bbox 1274 2020 1474 2069; x_wconf 77' lang='grc' dir='ltr'>λογεύεσθαι</span> <span class='ocrx_word' id='word_1_404' title='bbox 1505 2022 1677 2065; x_wconf 79' lang='grc'><strong>629,,153.</strong></span> 
     </span>
     <span class='ocr_line' id='line_1_82' title="bbox 970 2078 1678 2125; baseline -0.003 -11"><span class='ocrx_word' id='word_1_405' title='bbox 970 2079 1021 2114; x_wconf 74' lang='grc' dir='ltr'>ὅτι</span> <span class='ocrx_word' id='word_1_406' title='bbox 1045 2079 1097 2114; x_wconf 82' lang='grc' dir='ltr'>δεῖ</span> <span class='ocrx_word' id='word_1_407' title='bbox 1121 2080 1204 2125; x_wconf 87' lang='grc' dir='ltr'>πρὸς</span> <span class='ocrx_word' id='word_1_408' title='bbox 1225 2079 1388 2125; x_wconf 83' lang='grc' dir='ltr'>ἀσσάριον</span> <span class='ocrx_word' id='word_1_409' title='bbox 1403 2079 1513 2114; x_wconf 89' lang='grc' dir='ltr'>πάντα</span> <span class='ocrx_word' id='word_1_410' title='bbox 1535 2078 1578 2113; x_wconf 79' lang='grc' dir='ltr'>τὰ</span> <span class='ocrx_word' id='word_1_411' title='bbox 1596 2078 1678 2125; x_wconf 84' lang='grc' dir='ltr'>τέλη</span> 
     </span>
     <span class='ocr_line' id='line_1_83' title="bbox 968 2135 1679 2182; baseline 0 -12"><span class='ocrx_word' id='word_1_412' title='bbox 968 2135 1168 2182; x_wconf 86' lang='grc' dir='ltr'>λογεύεσθαι</span> <span class='ocrx_word' id='word_1_413' title='bbox 1192 2137 1270 2181; x_wconf 89' lang='grc'><strong>629,</strong></span> <span class='ocrx_word' id='word_1_414' title='bbox 1290 2144 1365 2171; x_wconf 88' lang='grc'><strong>156.</strong></span> <span class='ocrx_word' id='word_1_415' title='bbox 1405 2136 1463 2171; x_wconf 83' lang='grc' dir='ltr'>ἐάν</span> <span class='ocrx_word' id='word_1_416' title='bbox 1479 2149 1510 2170; x_wconf 93' lang='grc' dir='ltr'>τι</span> <span class='ocrx_word' id='word_1_417' title='bbox 1534 2136 1626 2180; x_wconf 81' lang='grc' dir='ltr'>παρὰ</span> <span class='ocrx_word' id='word_1_418' title='bbox 1641 2136 1679 2170; x_wconf 84' lang='grc' dir='ltr'>τὸ</span> 
     </span>
     <span class='ocr_line' id='line_1_84' title="bbox 970 2191 1678 2240; baseline -0.001 -14"><span class='ocrx_word' id='word_1_419' title='bbox 970 2191 1098 2227; x_wconf 70' lang='grc' dir='ltr'>δίκαιον</span> <span class='ocrx_word' id='word_1_420' title='bbox 1124 2193 1370 2240; x_wconf 85' lang='grc' dir='ltr'>λελογευμὲνον</span> <span class='ocrx_word' id='word_1_421' title='bbox 1394 2192 1417 2237; x_wconf 85' lang='grc' dir='ltr'>ἢ</span> <span class='ocrx_word' id='word_1_422' title='bbox 1443 2192 1678 2239; x_wconf 81' lang='grc' dir='ltr'>πεπραγμένον</span> 
     </span>
     <span class='ocr_line' id='line_1_85' title="bbox 970 2243 1155 2298; baseline 0.005 -14"><span class='ocrx_word' id='word_1_423' title='bbox 970 2243 994 2298; x_wconf 78' lang='grc' dir='ltr'><em>ᾗ</em></span> <span class='ocrx_word' id='word_1_424' title='bbox 1017 2251 1095 2294; x_wconf 84' lang='grc'><strong>665,</strong></span> <span class='ocrx_word' id='word_1_425' title='bbox 1116 2258 1155 2285; x_wconf 83' lang='grc'><strong>33</strong></span> 
     </span>
    </p>

    <p class='ocr_par' dir='ltr' id='par_1_37' title="bbox 924 2305 1682 2692">
     <span class='ocr_line' id='line_1_86' title="bbox 924 2305 1679 2353; baseline -0.001 -13"><span class='ocrx_word' id='word_1_426' title='bbox 924 2306 1118 2353; x_wconf 79' lang='grc' dir='ltr'>λογίζομαι’</span> <span class='ocrx_word' id='word_1_427' title='bbox 1152 2306 1364 2351; x_wconf 72' lang='grc' dir='ltr'>οἰκειοτάτην</span> <span class='ocrx_word' id='word_1_428' title='bbox 1390 2305 1592 2353; x_wconf 76' lang='grc' dir='ltr'>ἐλογιζόμην</span> <span class='ocrx_word' id='word_1_429' title='bbox 1617 2305 1679 2351; x_wconf 81' lang='grc' dir='ltr'>τὴν</span> 
     </span>
     <span class='ocr_line' id='line_1_87' title="bbox 970 2362 1680 2411; baseline -0.001 -14"><span class='ocrx_word' id='word_1_430' title='bbox 970 2363 1129 2399; x_wconf 81' lang='grc' dir='ltr'>ἀνάθεσιν</span> <span class='ocrx_word' id='word_1_431' title='bbox 1157 2365 1226 2406; x_wconf 80' lang='grc' dir='ltr'>(τοῦ</span> <span class='ocrx_word' id='word_1_432' title='bbox 1250 2362 1457 2411; x_wconf 79' lang='grc' dir='ltr'>ἀνδριάντος)</span> <span class='ocrx_word' id='word_1_433' title='bbox 1483 2362 1621 2398; x_wconf 81' lang='grc' dir='ltr'>ἔσεσθαι</span> <span class='ocrx_word' id='word_1_434' title='bbox 1646 2362 1680 2397; x_wconf 89' lang='grc' dir='ltr'>ἐν</span> 
     </span>
     <span class='ocr_line' id='line_1_88' title="bbox 969 2418 1679 2467; baseline -0.001 -13"><span class='ocrx_word' id='word_1_435' title='bbox 969 2419 1076 2467; x_wconf 76' lang='grc' dir='ltr'>ταύτῃ</span> <span class='ocrx_word' id='word_1_436' title='bbox 1110 2420 1163 2467; x_wconf 72' lang='grc' dir='ltr'>(τῇ</span> <span class='ocrx_word' id='word_1_437' title='bbox 1186 2418 1365 2466; x_wconf 90' lang='grc' dir='ltr'>Μιλησίων</span> <span class='ocrx_word' id='word_1_438' title='bbox 1389 2419 1496 2462; x_wconf 85' lang='grc' dir='ltr'>πόλει)</span> <span class='ocrx_word' id='word_1_439' title='bbox 1529 2420 1608 2463; x_wconf 88' lang='grc'><strong>763,</strong></span> <span class='ocrx_word' id='word_1_440' title='bbox 1627 2426 1679 2453; x_wconf 88' lang='grc'>66.</span> 
     </span>
     <span class='ocr_line' id='line_1_89' title="bbox 969 2475 1682 2523; baseline -0.001 -12"><span class='ocrx_word' id='word_1_441' title='bbox 969 2476 1011 2511; x_wconf 80' lang='grc' dir='ltr'>τὰ</span> <span class='ocrx_word' id='word_1_442' title='bbox 1035 2477 1098 2523; x_wconf 82' lang='grc' dir='ltr'>γὰρ</span> <span class='ocrx_word' id='word_1_443' title='bbox 1123 2476 1221 2523; x_wconf 79' lang='grc' dir='ltr'>ἕτερα</span> <span class='ocrx_word' id='word_1_444' title='bbox 1243 2475 1453 2522; x_wconf 81' lang='grc' dir='ltr'>ἀναλώματα</span> <span class='ocrx_word' id='word_1_445' title='bbox 1476 2496 1523 2502; x_wconf 90' lang='lat'>—-</span> <span class='ocrx_word' id='word_1_446' title='bbox 1546 2476 1682 2514; x_wconf 84' lang='grc' dir='ltr'>ἑαυτοῖς</span> 
     </span>
     <span class='ocr_line' id='line_1_90' title="bbox 971 2532 1682 2580; baseline -0.004 -12"><span class='ocrx_word' id='word_1_447' title='bbox 971 2533 1200 2580; x_wconf 84' lang='grc' dir='ltr'>ἐλογισάμεθα</span> <span class='ocrx_word' id='word_1_448' title='bbox 1232 2534 1309 2577; x_wconf 90' lang='grc'><strong>595,</strong></span> <span class='ocrx_word' id='word_1_449' title='bbox 1336 2541 1387 2568; x_wconf 86' lang='grc'>15.</span> <span class='ocrx_word' id='word_1_450' title='bbox 1440 2532 1556 2570; x_wconf 79' lang='grc' dir='ltr'>αὑτοῖς</span> <span class='ocrx_word' id='word_1_451' title='bbox 1590 2532 1682 2578; x_wconf 84' lang='grc' dir='ltr'>λογί-</span> 
     </span>
     <span class='ocr_line' id='line_1_91' title="bbox 972 2587 1679 2634; baseline -0.004 -10"><span class='ocrx_word' id='word_1_452' title='bbox 972 2590 1096 2626; x_wconf 86' lang='grc' dir='ltr'>σασθαι</span> <span class='ocrx_word' id='word_1_453' title='bbox 1121 2592 1199 2634; x_wconf 89' lang='grc'><strong>595,</strong></span> <span class='ocrx_word' id='word_1_454' title='bbox 1216 2597 1268 2624; x_wconf 87' lang='grc'>29.</span> <span class='ocrx_word' id='word_1_455' title='bbox 1311 2590 1368 2624; x_wconf 85' lang='grc' dir='ltr'>ἐὰν</span> <span class='ocrx_word' id='word_1_456' title='bbox 1393 2589 1430 2623; x_wconf 84' lang='grc' dir='ltr'>δέ</span> <span class='ocrx_word' id='word_1_457' title='bbox 1452 2601 1502 2627; x_wconf 90' lang='grc' dir='ltr'>τις</span> <span class='ocrx_word' id='word_1_458' title='bbox 1521 2589 1568 2634; x_wconf 80' lang='grc' dir='ltr'>δῷ</span> <span class='ocrx_word' id='word_1_459' title='bbox 1584 2587 1607 2633; x_wconf 84' lang='grc' dir='ltr'>ἢ</span> <span class='ocrx_word' id='word_1_460' title='bbox 1633 2589 1679 2626; x_wconf 82' lang='grc' dir='ltr'>ὡς</span> 
     </span>
     <span class='ocr_line' id='line_1_92' title="bbox 973 2646 1513 2692; baseline -0.004 -12"><span class='ocrx_word' id='word_1_461' title='bbox 973 2646 1153 2692; x_wconf 78' lang='grc' dir='ltr'>δεδομένον</span> <span class='ocrx_word' id='word_1_462' title='bbox 1176 2646 1352 2692; x_wconf 84' lang='grc' dir='ltr'>λογίσηται</span> <span class='ocrx_word' id='word_1_463' title='bbox 1376 2647 1454 2688; x_wconf 85' lang='grc'><strong>665,</strong></span> <span class='ocrx_word' id='word_1_464' title='bbox 1474 2651 1513 2678; x_wconf 87' lang='grc'>28</span> 
     </span>
    </p>

    <p class='ocr_par' dir='ltr' id='par_1_38' title="bbox 924 2699 1679 2915">
     <span class='ocr_line' id='line_1_93' title="bbox 924 2699 1679 2748; baseline -0.004 -12"><span class='ocrx_word' id='word_1_465' title='bbox 924 2702 1083 2748; x_wconf 86' lang='grc' dir='ltr'>λόγιμος·</span> <span class='ocrx_word' id='word_1_466' title='bbox 1130 2703 1168 2736; x_wconf 92' lang='grc' dir='ltr'>τὸ</span> <span class='ocrx_word' id='word_1_467' title='bbox 1212 2703 1273 2747; x_wconf 88' lang='grc' dir='ltr'>μὲν</span> <span class='ocrx_word' id='word_1_468' title='bbox 1315 2707 1448 2748; x_wconf 82' lang='grc' dir='ltr'>πρῶτον</span> <span class='ocrx_word' id='word_1_469' title='bbox 1489 2700 1548 2734; x_wconf 74' lang='grc' dir='ltr'>καὶ</span> <span class='ocrx_word' id='word_1_470' title='bbox 1587 2699 1679 2746; x_wconf 86' lang='grc' dir='ltr'>λόγι-</span> 
     </span>
     <span class='ocr_line' id='line_1_94' title="bbox 974 2755 1679 2806; baseline -0.004 -13"><span class='ocrx_word' id='word_1_471' title='bbox 974 2771 1036 2804; x_wconf 90' lang='grc' dir='ltr'>μον</span> <span class='ocrx_word' id='word_1_472' title='bbox 1075 2758 1300 2806; x_wconf 85' lang='grc' dir='ltr'>ἀρχαιότατόν</span> <span class='ocrx_word' id='word_1_473' title='bbox 1340 2769 1376 2791; x_wconf 92' lang='grc' dir='ltr'>τε</span> <span class='ocrx_word' id='word_1_474' title='bbox 1410 2757 1469 2791; x_wconf 70' lang='grc' dir='ltr'>Ικαὶ</span> <span class='ocrx_word' id='word_1_475' title='bbox 1506 2755 1679 2797; x_wconf 79' lang='grc' dir='ltr'>ἐνδοξότα-</span> 
     </span>
     <span class='ocr_line' id='line_1_95' title="bbox 971 2811 1679 2860; baseline -0.003 -12"><span class='ocrx_word' id='word_1_476' title='bbox 971 2827 1028 2849; x_wconf 90' lang='grc' dir='ltr'>τον</span> <span class='ocrx_word' id='word_1_477' title='bbox 1062 2820 1130 2848; x_wconf 81' lang='grc' dir='ltr'>τῶν</span> <span class='ocrx_word' id='word_1_478' title='bbox 1166 2813 1330 2849; x_wconf 85' lang='grc' dir='ltr'>πλείστων</span> <span class='ocrx_word' id='word_1_479' title='bbox 1367 2813 1486 2860; x_wconf 84' lang='grc' dir='ltr'>(ἱερῶν)</span> <span class='ocrx_word' id='word_1_480' title='bbox 1527 2811 1679 2860; x_wconf 78' lang='grc' dir='ltr'>ὑπάρχον</span> 
     </span>
     <span class='ocr_line' id='line_1_96' title="bbox 974 2872 1088 2915; baseline 0.009 -11"><span class='ocrx_word' id='word_1_481' title='bbox 974 2872 1050 2915; x_wconf 86' lang='grc'><strong>761,</strong></span> <span class='ocrx_word' id='word_1_482' title='bbox 1071 2879 1088 2905; x_wconf 81' lang='grc'>5</span> 
     </span>
    </p>
   </div>
  </div>
 </body>
</html>
