1858 3126
91 201 170 244 ⁶891
629 201 797 234 Portoria
819 201 1132 243 Palmyrenorum.
1580 201 1663 243 327

203 336 296 386 τοὺς
327 335 610 394 τυγχάΙνοντας
644 334 750 380 κατὰ
785 335 927 394 καιρὸν
964 336 1162 394 ἄρχοντας
1174 340 1209 367 ¹⁶
1242 336 1312 379 καὶ
1343 338 1667 394 δεκαπρώτουςῙῚ

135 417 178 450 15
202 403 272 449 καὶ
320 405 589 461 συνδίῆουςῑθ
635 406 724 462 τοῦ]
767 404 891 462 μηδὲν
934 405 1286 463 παραπράσσεινῑθ
1329 405 1342 463 Ι]
1384 398 1452 448 τὸέν
1498 406 1667 462 μισθού-

204 478 335 531 μενονρ
367 474 374 530 Ι

203 542 333 599 Γόμος
369 542 561 600 καρρικὸς
571 545 608 573 ²⁰
644 542 792 592 παντὸς
825 543 983 601 γένους·
1022 544 1229 600 τεσσάρων
1265 545 1400 600 γόμων
1430 545 1666 600 καμηλικῶν

292 612 407 660 τέλος
436 611 643 669 ἐπράχθη.
677 612 682 667 1

87 694 184 734 Πῐα
204 689 329 749 Παρὰ
360 692 452 747 [τῶν
482 694 675 741 ἰιταῖδαςῖ1
704 694 763 740 εἰς
784 691 1004 750 Πάλμυρα]
1034 693 1039 748 Ι
1071 695 1098 749 ἢ
1131 693 1188 741 εἰς
1217 690 1270 734 τὰ
1300 694 1454 750 ὅ[ρια22
1482 691 1534 735 τὰ
1556 691 1669 735 Παλ-

204 762 389 817 μυρηνῶν
419 761 700 818 εἰσ]Ιαγόντω[ν
728 760 869 817 πράξει
898 760 1072 804 ἑκάστου
1102 762 1286 818 σώματος
1318 759 1430 819 Χκβ’
1440 762 1489 817 ²²³⁴]
1523 761 1535 817 Η

137 839 182 873 20
209 825 311 886 Παρ’
352 827 400 871 οὔ
438 828 550 885 ἆ[ν34
576 854 1203 861 -------------------------
1202 831 1215 885 ]
1250 830 1255 886 Ι
1289 847 1316 885 μ
1322 853 1669 861 --------------

202 963 305 1023 Παρ’
353 914 435 1009 οἳῖυς
450 965 514 1022 [ἂν
561 965 808 1023 ἀνδράποδα]
865 899 1144 1023 οὔετεραΙζΙνὰἳὸ
1187 969 1215 1022 ἢ
1257 990 1376 998 -----
1376 967 1392 1022 ]
1399 966 1541 1022 ζκαντα
1592 966 1670 1007 σώ-

181 1130 225 1160 46
257 1126 307 1161 Cf.
331 1130 406 1162 not.
425 1131 457 1162 8.
579 1130 622 1160 47
654 1128 704 1161 Cf.
729 1128 878 1162 Brandis
903 1138 959 1171 ap.
987 1128 1298 1171 Pauly-wissowa
1322 1127 1669 1170 Realencyklopadie

88 1184 147 1227 IV,
164 1187 184 1217 2
208 1193 244 1228 p.
261 1186 363 1218 24⁴7.
480 1187 523 1218 48
557 1186 597 1217 In
626 1186 839 1218 universum
870 1185 1019 1227 quidem
1049 1183 1203 1218 σύνδικον
1236 1194 1320 1217 eum
1346 1185 1530 1227 appellari,
1561 1186 1623 1226 qui
1650 1193 1670 1216 a

88 1242 236 1275 civitate
259 1242 430 1284 quapiam
453 1242 608 1284 eligatur
637 1242 683 1275 ad
706 1245 843 1275 certam
868 1251 1017 1275 causam
1044 1242 1218 1275 orandam
1244 1243 1307 1274 aut
1330 1241 1584 1283 adiuvandam,
1615 1239 1671 1274 ἔι-

90 1297 183 1332 διιον
206 1307 295 1331 vero
318 1307 404 1331 eum
427 1299 491 1341 qui
515 1300 733 1341 perpetuum
758 1300 794 1330 et
811 1298 1037 1331 ordinarium
1062 1298 1220 1331 officium
1246 1298 1489 1331 defendendae
1512 1298 1671 1330 civitatis

90 1356 192 1397 gerat
221 1352 446 1388 consentitur
476 1356 520 1396 (n.
549 1354 673 1395 45840).
722 1354 790 1387 Sed
822 1355 858 1387 in
890 1356 988 1388 hunc
1018 1355 1139 1388 locum
1172 1364 1215 1388 ea
1245 1355 1428 1388 distinctio
1459 1364 1531 1387 non
1562 1354 1669 1397 cadit,

89 1413 227 1455 quippe
258 1413 322 1454 qui
352 1412 638 1445 luculentissime
668 1411 902 1454 demonstret,
940 1414 1118 1455 pecpetuo
1152 1413 1338 1445 civitatem
1373 1420 1461 1445 suos
1494 1409 1671 1448 συνδίκους

89 1469 235 1512 habere,
258 1468 393 1512 quibus
416 1469 477 1502 hic
495 1469 655 1502 officium
680 1469 879 1511 iniungitur
901 1477 1030 1502 cavere
1054 1478 1098 1502 ne
1114 1469 1315 1502 conductor
1330 1469 1563 1510 vectigalium
1587 1469 1671 1511 plus

90 1527 211 1570 exigat
238 1535 350 1568 quam
381 1526 504 1568 liceat;
536 1526 660 1568 itaque
689 1524 845 1563 σύνδικος
875 1526 935 1559 hic
964 1528 1020 1559 est
1042 1526 1106 1568 qui
1130 1526 1216 1559 alibi
1248 1526 1323 1559 sere
1347 1524 1483 1563 ἔκδικος
1505 1527 1669 1559 vocatur.

90 1583 173 1617 Non
197 1584 295 1616 recte
317 1583 453 1625 Cagnat
474 1583 534 1616 hic
557 1591 705 1626 quoque
729 1583 773 1616 de
788 1583 1034 1616 Romanorum
1058 1591 1239 1616 consensu
1262 1583 1492 1625 impetrando
1516 1583 1671 1615 mentio-

90 1649 175 1674 nem
199 1640 295 1682 facit,
319 1649 431 1683 quem
454 1640 500 1673 ad
522 1639 631 1673 finem
647 1639 923 1673 extraordinarii
941 1640 1083 1682 syndici
1104 1640 1208 1673 electi
1230 1642 1351 1673 essent
1366 1640 1430 1682 qui
1446 1640 1581 1673 Romae
1604 1649 1670 1682 pro

90 1698 314 1740 Palmyrenis
338 1697 451 1731 verba
474 1697 646 1739 facerent;
671 1707 756 1730 nam
780 1697 884 1740 longe
908 1697 1007 1730 aliud
1030 1697 1190 1731 officium
1215 1698 1332 1740 ipsius
1361 1697 1458 1730 tituli
1482 1697 1595 1730 verba
1619 1698 1672 1729 in-

91 1755 224 1788 dicant.
251 1781 256 1784 .
351 1757 395 1788 49
425 1755 450 1788 1.
468 1763 499 1788 e.
523 1753 618 1799 παρὰ
637 1754 696 1788 τὸν
719 1752 825 1799 νόμον
850 1754 1022 1801 πράσσειν.
1154 1757 1196 1786 20
1232 1754 1310 1788 Hoc
1333 1755 1560 1787 enuntiatum
1586 1763 1670 1787 cum

90 1812 260 1845 versione
273 1811 463 1846 Aramaica
477 1812 515 1845 in
530 1812 700 1845 inferiore
715 1814 818 1855 parte
834 1812 1001 1855 planiciei
1018 1812 1033 1844 1
1053 1813 1209 1845 incisum
1226 1814 1291 1855 est,
1315 1821 1399 1844 eum
1417 1814 1671 1854 argumentum

91 1870 165 1902 iam
188 1869 235 1903 ad
257 1877 301 1903 ea
323 1870 475 1912 spectet,
504 1879 598 1912 quae
621 1870 658 1902 in
687 1869 842 1912 planicie
864 1870 895 1902 11
920 1870 1223 1912 Palmyrenorum
1246 1878 1426 1911 sermone,
1457 1869 1494 1901 in
1517 1869 1671 1911 planicie

90 1926 136 1959 111
161 1926 296 1960 Graece
311 1926 455 1969 scripta
477 1928 573 1960 sunt.
620 1926 716 1960 Cave
738 1928 861 1959 tamen
889 1927 1143 1960 exstimaveris
1166 1927 1257 1959 haec
1280 1935 1355 1959 non
1378 1935 1445 1959 suo
1469 1926 1549 1958 loco
1575 1934 1671 1967 esse;

54 1987 69 1995 “
91 1982 175 2017 'uam
207 1984 374 2026 proxima
398 1985 522 2017 omnia
552 1985 604 2017 ita
626 1986 836 2027 comparata
861 1986 956 2025 sunt,
987 1986 1029 2016 ut
1058 1992 1249 2017 mensurae
1276 1984 1466 2026 mercium,
1496 1992 1565 2025 pro
1591 1984 1673 2025 qui-

91 2040 161 2074 bus
185 2043 284 2074 certa
306 2041 494 2084 vectigalis
518 2050 663 2075 summa
687 2042 876 2084 pendatur,
910 2042 983 2074 sint
1006 2050 1100 2074 onus
1125 2041 1253 2075 cameli
1285 2043 1323 2074 et
1347 2049 1441 2074 onus
1465 2041 1568 2074 asini.
1607 2041 1673 2073 Hic

91 2106 180 2131 vero
202 2099 400 2140 generatim
423 2099 616 2141 indicatur,
640 2108 731 2132 onus
756 2099 850 2132 carri
873 2107 941 2140 pro
965 2101 1139 2141 quattuor
1161 2099 1384 2132 camelorum
1410 2098 1585 2131 oneribus
1608 2098 1672 2131 ha-

92 2153 252 2187 bendum
268 2163 359 2197 esse,
375 2164 469 2197 quae
484 2157 709 2198 computatio
728 2156 899 2188 omnibus
914 2156 986 2188 illis
1001 2157 1162 2188 numeris
1179 2155 1382 2189 adhibenda
1398 2157 1464 2188 est.
1564 2158 1600 2187 2⁴
1632 2155 1671 2187 In

92 2211 260 2244 versione
287 2211 476 2245 Aramaica
503 2213 563 2245 hic
591 2222 726 2245 nomen
758 2214 937 2255 scriptum
967 2215 1033 2256 est,
1063 2213 1164 2255 quod
1196 2222 1352 2256 puerum
1384 2212 1575 2255 significat3
1607 2211 1671 2244 sed

92 2270 226 2310 sponte
256 2270 365 2311 patet,
397 2278 545 2302 servum
569 2270 849 2312 intellegendum
879 2279 970 2303 esse.
1086 2273 1129 2303 22
1161 2269 1253 2312 το[ὺς
1283 2269 1393 2316 ὅρους]
1417 2270 1554 2311 Vogiie.
1603 2268 1671 2301 Sed

93 2326 124 2357 Α
148 2327 290 2358 certum
313 2327 370 2358 est
392 2327 430 2358 et
451 2327 539 2368 post
560 2326 599 2359 id
617 2327 775 2360 litteram
792 2327 984 2361 rotundam
1000 2327 1114 2360 fuisse
1129 2329 1290 2370 apparet.
1330 2328 1448 2366 Quare
1464 2328 1542 2359 sine
1559 2326 1671 2358 dubio

92 2382 258 2415 Dessauii
280 2383 573 2425 supplementum
590 2386 689 2416 recte
704 2393 744 2417 se
760 2384 880 2417 habet.
990 2387 1033 2416 23
1066 2384 1256 2427 Supplevit
1268 2385 1394 2426 Vogiie
1412 2392 1456 2416 ex
1473 2382 1671 2424 exemplari

91 2440 292 2482 Aramaico,
315 2439 380 2472 ubi
402 2442 509 2474 notae
532 2441 737 2474 numerales
761 2443 996 2475 conservatae
1020 2444 1115 2475 sunt.
1242 2444 1285 2474 24
1317 2442 1375 2474 Sic
1397 2441 1546 2474 Dessau.
1594 2434 1671 2482 παρ’

93 2493 135 2529 οὗ
158 2494 198 2529 δὲ
219 2496 357 2538 Vogiie.
475 2500 517 2530 25
549 2499 772 2532 ΟΥΘΤΕΡΑΙ
798 2499 945 2540 agnovit
967 2499 1106 2541 Vogiie‚
1139 2508 1223 2531 cum
1246 2499 1386 2531 Dessau
1418 2499 1455 2530 in
1479 2500 1611 2539 ectypo
1630 2499 1672 2528 ‘et

93 2552 249 2595 imagine
278 2554 529 2596 photographa
558 2555 647 2587 nihil
675 2556 749 2588 iam
778 2558 922 2598 praeter
945 2557 1035 2590 Ole
1067 2557 1270 2598 dispiceret.
1320 2555 1424 2594 Quod
1454 2555 1514 2587 ille
1537 2564 1669 2585 ----0·.›

94 2607 206 2655 ἕτεραι
229 2611 346 2652 legere
369 2611 440 2644 sibi
458 2612 559 2644 visus
582 2613 648 2654 oet,
672 2621 738 2654 per
760 2621 801 2645 se
824 2622 897 2646 non
920 2613 1084 2655 ineptum
1103 2614 1258 2646 videtur.
1300 2613 1368 2645 Sed
1384 2612 1581 2644 Dessauius
1606 2610 1671 2642 ob-

95 2667 265 2708 servavit,
289 2668 327 2699 in
350 2668 517 2710 exemplo
532 2668 721 2702 Aramaico
745 2669 1007 2702 schroederum
1032 2670 1091 2702 hic
1115 2672 1199 2711 post
1221 2665 1336 2712 ‘puer'
1362 2677 1491 2700 vocem
1516 2676 1560 2699 ex
1584 2675 1671 2698 con-

96 2723 194 2755 sonis
222 2724 323 2757 viru
350 2726 575 2758 constantem
606 2725 897 2768 deprehendisse,
930 2735 1023 2767 qnae
1059 2726 1250 2758 manifesto
1283 2726 1450 2757 Latinum
1484 2724 1672 2755 veteranus

96 2780 193 2810 esset
215 2779 303 2822 (lla,
321 2782 353 2813 4.
371 2781 414 2822 5),
447 2782 671 2824 eandemque
695 2783 781 2815 alibi
804 2783 845 2823 (11
861 2781 891 2823 b,
911 2785 964 2814 33.
985 2783 1036 2822 36)
1062 2791 1257 2814 recurrere.
1306 2782 1382 2813 Iam
1413 2781 1450 2811 in
1484 2778 1597 2810 rebus
1627 2777 1673 2810 ad

97 2835 285 2876 vectigalia
307 2838 557 2878 spectantibus
581 2840 691 2871 etiam
716 2839 802 2871 alibi
823 2838 979 2870 discerni
1003 2839 1183 2879 mancipia
1206 2838 1348 2869 novicia
1370 2839 1406 2868 et
1427 2837 1606 2876 veterana,
1629 2835 1673 2866 ut

98 2889 231 2930 Digest.
247 2891 406 2934 XXXIX,
423 2895 456 2936 4,
474 2897 528 2936 46,
546 2898 582 2927 3:
612 2893 775 2938 quotiens
797 2892 881 2937 quis
897 2892 1090 2937 mancipia
1111 2892 1250 2927 mvecta
1267 2890 1454 2935 professus
1468 2900 1545 2924 non
1558 2889 1673 2933 fuerit

99 2943 173 2979 sive
194 2946 339 2980 venalia
360 2947 434 2982 sive
455 2949 614 2993 usualia,
641 2961 761 2994 poena
792 2948 982 2984 commissi
1003 2952 1062 2992 est,
1092 2948 1130 2983 si
1150 2951 1273 2983 tamen
1302 2946 1449 2981 novicia
1478 2946 1672 2991 mancipia
