1858 3126
519 597 861 644 ADDENDA
894 597 981 644 ET
1019 597 1376 645 CORRIGEN
1378 597 1490 646 DA.

916 745 1030 784 VOL.
1063 746 1091 784 Ι.

211 837 246 869 P.
266 839 284 868 8
310 845 345 868 n.
365 838 396 867 3.
444 836 480 868 Ρ.
498 835 679 868 Perdrizet
709 836 745 867 in
770 843 922 868 censura
947 835 1056 868 huius
1081 835 1278 868 voluminis
1302 835 1419 868 honae
1451 834 1564 877 frugis
1587 835 1797 877 plenissima

303 893 425 925 Revue
443 893 505 925 des
523 892 651 926 etudes
668 893 859 925 anciennes
876 892 923 924 VI
944 894 1029 924 4904
1048 901 1083 934 p.
1102 895 1167 924 456
1189 893 1324 934 monet,
1350 901 1482 934 operae
1498 892 1657 934 pretium
1674 891 1796 934 fuisse,

303 950 347 983 de
361 950 525 992 Septimii
538 950 661 981 Severi
673 950 826 991 eiusque
840 949 1025 991 progeniei
1039 950 1273 981 veneratione
1285 949 1476 982 Alexandri
1492 949 1609 991 Magni
1624 949 1733 982 etiam
1753 949 1798 981 ad

303 1016 538 1040 nummorum
560 1007 812 1039 testimonium
834 1006 1015 1048 (Babelon,
1036 1006 1155 1039 Traite
1169 1006 1232 1038 des
1251 1006 1438 1039 monnaies
1460 1015 1512 1048 gr.
1526 1007 1563 1038 et
1574 1015 1665 1040 rom.
1678 1007 1704 1049 I,
1719 1006 1795 1047 68⁴)

303 1073 516 1107 provocare.

210 1122 246 1154 P.
267 1124 307 1154 46
332 1131 365 1154 n.
384 1124 415 1163 5,
434 1125 465 1153 9.
483 1123 538 1152 4ο.
586 1120 637 1152 De
669 1120 739 1152 hoc
770 1119 947 1161 epistulae
977 1120 1059 1152 loco
1083 1119 1269 1152 Udalricus
1293 1119 1459 1152 Wilcken
1492 1120 1630 1162 collega
1653 1120 1797 1153 carissi-

303 1187 385 1211 mus
405 1177 700 1210 observationem
719 1186 823 1210 suam
847 1178 923 1209 tam
941 1178 1085 1209 acutam
1106 1186 1215 1218 quam
1233 1176 1460 1219 probabilem
1484 1186 1550 1219 per
1573 1177 1797 1219 colloquium

302 1244 446 1268 mecum
465 1235 767 1276 communicavit3
793 1243 924 1276 nempe
941 1234 1136 1267 Ptolemaei
1160 1243 1294 1267 nomen
1317 1235 1376 1267 hic
1391 1235 1646 1276 gravissimam
1662 1233 1797 1267 habere

304 1292 553 1334 offensionem,
585 1291 765 1333 siquidem
790 1300 835 1323 ex
859 1300 894 1324 v.
913 1293 955 1323 29
981 1291 1147 1333 liqueret,
1178 1292 1256 1323 tum
1282 1291 1441 1333 demum,
1472 1299 1557 1324 cum
1581 1291 1676 1328 inter
1698 1279 1798 1324 Anti-

302 1360 436 1392 gonum
468 1351 504 1382 et
538 1349 780 1382 Cassandrum
819 1349 1152 1391 Lysimachumque
1188 1349 1231 1381 de
1267 1348 1410 1381 foedere
1445 1350 1518 1381 iam
1554 1349 1795 1391 convenisset,

303 1408 551 1440 Ptolemaeum
575 1407 712 1448 legatos
738 1406 891 1447 misisse,
916 1407 958 1438 ut
982 1406 1062 1448 ipse
1087 1414 1234 1448 quoque
1258 1406 1318 1438 illo
1343 1407 1450 1448 pacto
1474 1405 1799 1448 comprehendere-

301 1467 372 1496 tur.
421 1463 613 1502 Quomodo
639 1464 749 1504 igitur
778 1463 857 1495 fieri
887 1463 1062 1505 potuisse,
1093 1465 1135 1495 ut
1165 1463 1237 1496 iam
1263 1463 1428 1496 omnium
1452 1471 1547 1505 quae
1577 1463 1682 1496 antea
1704 1463 1798 1495 inter

301 1521 383 1553 illos
409 1520 625 1553 triumviros
651 1521 730 1552 acta
754 1521 886 1562 essent,
910 1520 1056 1552 initium
1081 1521 1247 1552 oreretur
1270 1529 1291 1552 a
1314 1519 1505 1562 colloquiis
1529 1520 1624 1552 inter
1647 1519 1797 1552 Cassan·
1851 1529 1858 1562 1}

303 1578 409 1610 drum
443 1578 479 1610 et
510 1577 766 1609 Ptolemaeum.
815 1576 995 1609 Accedere
1030 1586 1118 1609 vero
1156 1576 1270 1610 aliud:
1308 1576 1422 1609 verba
1457 1574 1648 1622 γενομένων
1684 1573 1796 1620 λόγων
1856 1566 1858 1582 ³

302 1631 514 1679 Κασσάνδρῳ
539 1632 598 1666 καὶ
623 1631 826 1677 Πτολεμαίῳ
852 1632 936 1678 ὑπὲρ
962 1632 1149 1667 διαλύσεων
1175 1634 1237 1667 vix
1261 1634 1331 1667 alio
1347 1633 1473 1666 referri
1497 1641 1605 1676 posse
1618 1634 1727 1675 atque
1751 1632 1798 1666 ad

302 1701 361 1725 res
387 1691 432 1724 ab
456 1692 614 1733 utroque
638 1692 829 1733 praesente
854 1693 964 1733 actas,
998 1700 1082 1723 cum
1113 1693 1236 1724 tamen
1267 1691 1343 1724 ullo
1376 1690 1477 1724 orbis
1504 1692 1685 1724 terrarum
1716 1690 1796 1723 loco

302 1751 381 1782 tum
407 1749 590 1781 eiusmodi
614 1749 834 1780 conventum
859 1748 953 1780 inter
977 1748 1225 1780 Ptolemaeum
1251 1750 1287 1780 et
1309 1747 1550 1781 Cassandrum
1583 1746 1710 1780 haberi
1732 1755 1799 1790 po-

301 1807 416 1839 tuisse
441 1805 642 1848 praefracte
666 1805 870 1846 negandum
896 1805 952 1837 sit.
1001 1804 1119 1843 Quare
1151 1814 1223 1837 non
1247 1805 1495 1837 Ptolemaeum
1518 1805 1604 1846 Lagi
1627 1804 1649 1837 f.
1674 1805 1795 1838 virum

301 1863 547 1896 clarissimum
571 1863 632 1895 illo
657 1863 779 1904 priore
802 1862 899 1894 tituli
923 1862 1006 1894 loco
1023 1861 1301 1903 intellegendum
1327 1870 1417 1904 esse,
1443 1861 1505 1895 sed
1524 1861 1707 1902 Demetrii,
1733 1861 1797 1902 qui
1839 1883 1844 1902 .-

300 1920 469 1961 Antigoni
494 1920 604 1952 frater
627 1919 754 1961 fuerat,
778 1919 906 1961 filium,
932 1920 996 1960 qui
1019 1919 1141 1961 patrui
1165 1919 1268 1951 iussu
1284 1920 1363 1950 tum
1389 1927 1472 1950 cum
1491 1917 1691 1951 Cassandro
1709 1926 1796 1950 con·

302 1985 448 2019 gressus
473 1978 579 2009 esset.
629 1977 719 2009 Sane
749 1976 845 2008 illius
870 1985 999 2008 verum
1030 1984 1163 2009 nomen
1187 1972 1383 2018 Πολεμαῖος
1407 1975 1530 2017 potius
1561 1974 1672 2007 fuisse
1704 1974 1796 2007 didi·
1834 2016 1842 2022 ⁴

1850 1475 1858 1488 .<
1850 1463 1852 1466 ·
1847 1188 1858 1454 „mm-uM——ss-..ffl
1855 1170 1858 1181 ..

300 2034 419 2066 cimus
445 2042 489 2065 ex
514 2034 620 2066 titulo
646 2033 764 2066 Attico
790 2032 893 2074 Syll.2
910 2035 987 2065 ⁴84.
1035 2033 1080 2065 At
1104 2041 1188 2065 cum
1206 2029 1420 2075 Πτολεμαῖος
1444 2032 1517 2064 iam
1540 2033 1622 2064 ante
1639 2031 1794 2074 Philippi

299 2090 478 2132 Amyntae
519 2090 541 2122 f.
581 2092 747 2132 tempora
782 2090 959 2122 usitatum
1004 2089 1130 2122 fuisset
1171 2097 1303 2122 nomen
1347 2088 1445 2131 apud
1486 2088 1698 2122 Macedonas
1740 2087 1793 2129 (cf.

300 2146 410 2188 sy11.2
428 2149 481 2188 78,
501 2149 531 2178 7.
571 2146 813 2187 modonxxr,
834 2149 887 2187 74,
907 2149 937 2193 ⁴.
965 2149 1018 2188 77,
1037 2148 1069 2178 5.
1104 2145 1196 2187 xw,
1215 2148 1247 2187 2,
1266 2147 1296 2177 4.
1337 2145 1516 2178 Plutarch.
1535 2145 1722 2188 Pelopidas
1738 2147 1794 2178 26.

299 2204 494 2237 Aeschines
517 2204 557 2245 II,
576 2205 617 2235 29
644 2212 728 2235 cum
754 2203 915 2245 scholio),
945 2202 1139 2235 Alexandri
1170 2211 1258 2235 vero
1293 2204 1410 2235 aetate
1442 2202 1612 2245 frequens
1644 2202 1794 2243 (Arrian.
1823 2238 1828 2244 ,Ὺ

300 2260 456 2303 Anab.1,
477 2263 528 2302 44,
549 2263 579 2293 6.
615 2262 669 2302 22,
690 2262 720 2292 4.
739 2263 770 2292 7.
805 2262 859 2302 23,
879 2263 909 2292 6.
942 2262 995 2301 2⁴,
1015 2263 1045 2292 4.
1077 2262 1132 2302 29,
1151 2262 1182 2292 4.
1219 2261 1260 2302 11,
1280 2263 1310 2302 5,
1330 2263 1361 2294 7.
1388 2263 1418 2303 8,
1437 2262 1467 2293 4.
1497 2263 1548 2303 ⁴0,
1569 2262 1600 2293 7.
1636 2259 1694 2302 lv,
1712 2261 1743 2302 7,
1761 2258 1793 2300 2)

301 2321 337 2351 et
367 2321 445 2351 tum
477 2327 562 2350 cum
592 2318 681 2350 haec
712 2318 869 2359 epistula
901 2317 1130 2350 scribebatur
1160 2318 1196 2349 in
1227 2319 1392 2350 omnium
1426 2327 1488 2350 ore
1517 2318 1614 2351 esset
1643 2317 1795 2359 propter

298 2376 459 2416 egregias
490 2383 548 2407 res
584 2383 604 2407 a
634 2374 764 2415 Lagida
796 2375 925 2415 gestas,
956 2375 1085 2407 contra
1117 2374 1176 2407 illa
1206 2375 1347 2417 volgari
1371 2375 1591 2408 Graecorum
1622 2373 1792 2415 sermoni,
1820 2371 1824 2374 ’

298 2433 361 2473 qui
387 2433 423 2463 in
449 2431 667 2473 appellativo
693 2431 839 2463 nomine
868 2429 1017 2474 πόλεμος
1041 2440 1240 2464 consonam
1271 2432 1454 2474 duplicem
1482 2431 1657 2464 initialem
1688 2431 1792 2472 igno-

300 2488 414 2530 rabat,
440 2487 714 2520 accommodata
731 2487 887 2520 nominis
905 2487 1019 2520 forma
1037 2485 1233 2531 Πολεμαῖος
1258 2497 1372 2531 paene
1395 2488 1556 2521 inaudita
1572 2488 1659 2520 erat.
1699 2485 1790 2520 Nam

298 2553 392 2587 quae
409 2545 552 2586 praeter
577 2544 674 2576 hunc
690 2544 863 2576 Demetrii
880 2544 1100 2577 Poliorcetae
1124 2545 1271 2578 fratrem
1297 2545 1498 2588 patruelem
1523 2545 1666 2577 exstant
1681 2543 1790 2576 huius

299 2602 502 2644 scripturae
518 2601 694 2643 exempla,
712 2601 826 2633 veluti
843 2599 946 2641 sy11.2
963 2603 1080 2643 293,6.
1107 2603 1184 2644 425,
1198 2605 1229 2635 2.
1256 2604 1396 2644 699,27.
1415 2604 1468 2633 37.
1495 2601 1572 2642 845,
1591 2602 1645 2642 ⁴2,
1669 2607 1790 2632 recon-
1811 2592 1813 2595 ’

299 2660 435 2691 tiorum
459 2659 667 2700 temporum
693 2658 788 2690 sunt.
829 2657 948 2695 Quare
965 2658 1061 2690 nulla
1078 2667 1122 2691 ex
1138 2660 1241 2701 parte
1257 2657 1500 2700 improbabile
1516 2658 1582 2699 est,
1607 2657 1678 2689 iam
1701 2656 1791 2698 lapi-

300 2715 418 2748 cidam
436 2715 624 2757 Scepsium
649 2714 776 2747 eodem
801 2714 911 2747 modo
928 2723 1108 2756 peccasse,
1134 2725 1207 2757 quo
1223 2715 1374 2748 Diodori
1396 2714 1535 2747 librarii
1557 2713 1630 2746 fere
1653 2713 1792 2755 ubique

301 2772 398 2804 illius
421 2771 578 2804 hominis
605 2779 736 2804 nomen
754 2771 790 2803 in
811 2768 1026 2814 Πτολεμαῖος
1045 2772 1284 2814 corruperint.
1325 2772 1415 2804 Sane
1433 2779 1504 2803 non
1526 2771 1647 2812 ipsum
1665 2777 1790 2802 rerum

301 2830 517 2871 scriptorem
543 2828 763 2870 culpandum
789 2836 868 2860 esse
893 2828 975 2860 inde
1000 2829 1127 2871 elucet,
1160 2828 1258 2870 quod
1282 2828 1419 2870 aliquot
1449 2827 1538 2860 locis
1565 2827 1667 2869 (XIX,
1686 2829 1740 2869 77,
1757 2828 1789 2858 2.

299 2888 354 2928 78,
374 2885 404 2927 3)
430 2886 575 2918 diversa
600 2884 807 2927 corruptela
831 2881 999 2927 Πολέμων
1024 2886 1240 2927 repperitur.
1289 2884 1339 2917 Cf.
1364 2884 1468 2917 Svll.2
1486 2886 1547 2917 184
1558 2883 1583 2916 2.
