1858 3126
185 96 269 137 632

183 231 428 278 ἀπαραίτητος·
463 229 703 277 ἀπαραιτήτως
728 228 944 275 ζημιωθήσε-

229 300 285 323 ται
309 288 387 331 669,
407 295 446 322 39

185 344 441 392 ἀπαράκλητος·
477 344 556 383 τοὺς
590 343 709 378 ἑαυτὸν
738 363 785 369 -
812 342 944 389 εὐεργε-

230 405 371 440 τοῦντας
396 401 661 448 ἀπαρακλήτους
685 402 762 445 248,
783 407 823 435 25

184 458 465 507 ἀπαρενόχλητος
490 459 567 503 383,
589 466 650 494 166

184 516 326 564 ἀπαρχὴ
355 517 501 561 179,12.
525 517 604 550 281.
630 516 774 560 282,18.
800 515 943 559 319,20.

186 573 402 621 ἀπάρχομαι·
426 574 505 612 τοὺς
530 572 783 620 ἀπαρξομένους
808 573 886 616 352,
902 579 941 606 41

185 630 327 676 ἀπειλή·
354 630 406 665 ἀεὶ
427 632 490 677 τὴν
512 630 656 676 ἀπειλὴν
683 630 716 665 ἐν
740 634 814 668 τοῖς
837 629 945 676 γράμ-

234 700 333 733 μασιν
359 688 491 736 ὁρῶντα
516 690 592 732 521,
615 696 651 722 14

185 746 340 792 ἄπειρος·
365 745 412 784 εἰς
436 746 493 780 τὸν
517 745 654 792 ἄπειρον
674 745 781 779 αἰῶνα
806 745 884 787 383,
901 751 942 777 43

188 802 422 848 ἀπεκδίδωμι·
447 803 503 837 τὸν
528 802 698 847 νεωποίην
715 821 762 827 -
779 801 945 848 ἀπεγδοῦ-

231 872 285 894 ναι
299 859 391 898 ὅπως
410 860 518 907 στήλη
536 872 572 893 τε
589 858 853 905 κατασκευασθῇ
870 857 944 892 κτλ.

233 918 312 960 215,
333 925 371 951 31

187 972 416 1019 ἀπελεύθερος
457 975 534 1017 419,
560 981 589 1008 3.
631 974 709 1017 481,
738 980 767 1006 4.
810 973 887 1015 523,
915 979 944 1006 2.

235 1032 313 1075 526,
349 1040 378 1065 1.
418 1033 495 1074 606,
527 1039 557 1065 4.
598 1031 675 1074 620,
707 1039 737 1064 5.
777 1029 856 1072 629,
892 1036 945 1063 90.

235 1089 354 1132 660,6.
381 1090 458 1132 665,
479 1095 531 1122 35.
558 1089 677 1131 678,5.
703 1088 823 1131 707,6.
865 1085 947 1120 ἀπε-

232 1143 391 1192 λεύθεροι
415 1147 494 1189 489,
515 1153 554 1179 18

188 1200 350 1247 ἄπεργος·
390 1207 457 1236 τῶν
489 1221 531 1228 -
565 1201 755 1248 γενομένων
790 1200 947 1246 ἀπέργων

235 1259 313 1303 266,
334 1267 364 1293 7.
405 1258 464 1294 ἐάν
496 1271 547 1297 τις
576 1257 724 1305 ἅπεργος
755 1257 891 1304 γένηται
922 1255 946 1301 ἢ

234 1316 484 1364 παραιτήσηται
509 1317 587 1360 266,
607 1324 645 1351 11

189 1372 362 1420 ἀπεχθής·
410 1378 473 1419 τῆς
512 1379 579 1407 τῶν
620 1371 733 1408 ἀθέων
774 1369 949 1418 ἀπεχθοῦς

236 1430 481 1477 ἐπιτηδεύσεως
507 1431 585 1474 569,
608 1437 648 1465 22

189 1486 390 1533 ἀπηλιώτης
418 1488 493 1530 176,
514 1495 543 1521 9.
573 1487 647 1530 178,
669 1493 707 1520 10

190 1543 370 1582 ἀπλάστως
394 1543 454 1578 καὶ
478 1542 654 1589 ἀληθινῶς
680 1542 723 1588 ἐμ
748 1545 828 1576 πᾶσι
845 1553 949 1587 προσ-

236 1601 447 1647 φερομένους
473 1602 551 1644 223,
572 1608 609 1634 17

190 1656 362 1704 ἀπληστία
387 1659 465 1701 521,
486 1664 526 1691 12

189 1714 368 1761 ἁπλότητα
394 1716 471 1759 764,
494 1722 508 1748 1

189 1770 320 1806 ἁπλοῦν
346 1770 480 1817 οἴκημα
503 1772 581 1815 483,
603 1778 663 1805 111

188 1828 385 1874 ἀποβαίνω·
421 1828 733 1875 καταναυμαχήσας
762 1827 842 1865 τοὺς
869 1826 950 1860 ὓπε-

235 1885 389 1924 ναντίους
415 1905 457 1911 -
482 1886 541 1920 καὶ
565 1885 696 1932 ἀποβὰς
721 1884 769 1924 είς
791 1885 855 1931 τὴν
879 1885 950 1931 χώ-

238 1954 297 1988 ραν
322 1942 433 1976 αύτῶν
459 1943 537 1986 552,
557 1950 574 1976 4

190 1998 358 2045 ἀπόγονος
373 2010 472 2034 unus
489 2009 530 2033 ea>
540 1998 696 2043 posteris
721 1999 775 2042 54,
794 2006 824 2032 4.
866 1997 951 2032 ἀπό-

237 2067 330 2101 γονοι
357 2055 498 2099 posteri
526 2056 557 2100 8,
587 2062 638 2090 36.
667 2062 741 2090 132.
769 2063 844 2089 133.
874 2060 949 2089 138.

241 2119 317 2146 147.
341 2119 401 2146 154
423 2114 466 2145 al.

191 2167 391 2216 ἀπογραφή·
417 2169 496 2207 τοὺς
517 2167 791 2214 ἀναφερομένους
816 2167 850 2202 ἐν
875 2171 964 2206 ταῖς·

236 2230 306 2259 τῶν
366 2225 540 2271 παροίκων
596 2224 811 2272 ἀπογραφαῖς
871 2225 949 2269 338,

242 2290 293 2317 11.
314 2290 353 2318 34

190 2339 397 2386 ἀπογράφω·
426 2339 518 2385 παρὰ
541 2344 609 2373 τῶν
636 2338 684 2385 μὴ
709 2338 951 2385 ἀπογραφομέ-

237 2409 305 2431 νων
347 2396 492 2444 ἐνέχυρα
530 2396 716 2442 λαμβάνειν
763 2397 841 2439 629,
874 2403 948 2430 107.

238 2452 389 2492 ἐξουσίαν
415 2452 552 2500 ἔχοντος
578 2452 730 2499 στέρησιν
755 2452 950 2499 ἀπογράφε-

241 2510 321 2546 σθαι
343 2513 404 2544 τοῦ
427 2509 488 2554 τὴν
515 2510 605 2555 ὠνὴν
632 2509 770 2556 ἔχοντος
799 2510 877 2553 572,
896 2517 949 2543 24.

238 2566 376 2601 πλεύσει
401 2566 439 2600 δὲ
471 2566 559 2612 μόνα
589 2565 631 2601 τὰ
663 2565 951 2614 ἀπογεγραμμένα

239 2623 346 2659 πλοῖα
371 2624 448 2668 572,
468 2631 507 2658 31

193 2680 436 2726 ἀποδείκνυμι·
457 2680 490 2715 οἰ
504 2676 555 2726 ὑφ’
569 2679 737 2726 ἑκατέρων
750 2685 816 2715 τῶν
831 2679 949 2725 δήμων

239 2737 502 2786 ἀποδειχθέντες
525 2736 643 2783 ἄνδρες
667 2737 722 2772 ἐπὶ
741 2742 808 2771 τῶν
831 2736 951 2771 συλλύ-

240 2807 325 2829 σεων
342 2796 485 2839 437,92.
527 2794 653 2833 ὕπατος
670 2794 951 2841 ἀποδεδειγμένος

241 2852 319 2896 379,
340 2860 370 2886 5.
390 2859 419 2886 9.
441 2859 492 2886 11.
517 2852 595 2896 453,
618 2860 644 2886 1.
664 2858 681 2885 2

900 93 1051 126 Indices.

1014 228 1201 269 ἀπόδειξις·
1232 228 1267 264 ἐν
1291 228 1434 268 πολλοῖς
1458 229 1605 278 φανερὰς
1628 229 1773 276 πεποίη-

1062 299 1123 332 μαι
1168 286 1228 324 τάς
1277 284 1362 333 ὑπὲρ
1408 286 1538 322 τούτων
1586 286 1772 329 ἀποδείξεις
1838 285 1842 326 J

1062 345 1218 388 763,17.
1269 342 1358 378 οὕτω
1393 343 1456 391 γὰρ
1493 343 1771 391 ὁμολογουμένην
1840 361 1841 364 ’

1060 399 1215 447 λήψεσθε
1241 399 1370 446 μᾶλλον
1396 398 1435 435 δι’
1453 399 1563 435 αὐτῶν
1577 407 1646 436 τῶν
1664 402 1772 449 ἔργων

1060 463 1123 505 τῆς
1147 458 1234 505 ἐμῆς
1258 458 1484 506 προαιρέσεως
1515 459 1578 505 τὴν
1603 458 1772 500 ἀπόδειξιν

1063 518 1140 560 763,
1160 524 1199 550 49

1015 572 1221 611 ἀποδεκτός·
1269 572 1442 607 ἀποδεκτὰ
1488 572 1653 621 ὑπάρχειν
1702 574 1773 608 δεῖν

1062 631 1141 674 441,
1162 638 1223 666 100

1015 686 1186 726 ἀπόδεξις·
1214 687 1378 734 εἰλικρινῆ
1403 687 1462 722 καὶ
1487 686 1635 733 βεβαίαμ
1657 699 1773 722 ποιου-

1064 745 1186 789 μένους
1212 744 1300 789 ὑμᾶς
1318 745 1403 790 πρὸς
1420 744 1498 783 τοὺς
1516 744 1634 791 φίλους
1651 744 1775 780 ἀπόδε-
1837 778 1858 807 ²}

1063 802 1110 841 ξιν
1135 803 1213 845 227,
1235 809 1273 835 13

1017 858 1247 905 ἀποδέχομαι·
1288 858 1351 893 οὐκ
1386 857 1600 904 ἀπεδεξάμην
1639 870 1675 892 σε
1710 863 1774 904 τῆς

1065 915 1099 948 ἐν
1124 915 1239 962 λόγοις
1262 915 1382 961 τριβῆς
1407 914 1520 949 ἕνεκεν
1546 916 1624 959 692,
1645 923 1659 949 1

1016 971 1222 1017 ἀποδημέω·
1263 971 1280 1006 ὁ
1317 971 1552 1018 ἀποδημήσων
1591 973 1678 1018 πρὸς
1715 973 1775 1007 τὸν
1841 981 1844 984 ’

1066 1028 1208 1074 βασιλέα
1231 1027 1415 1074 Φαρνάκην
1439 1029 1528 1063 κατὰ
1550 1029 1590 1064 τὸ
1614 1028 1776 1076 ψήφισμα
1842 1026 1844 1028 ’

1021 1116 1023 1119 .
1063 1086 1340 1134 κεχειροτόνηται
1377 1085 1560 1125 Φιλόξενος
1599 1085 1776 1132 Πειραιεύς
1845 1121 1848 1122 ⁷

1065 1144 1129 1176 771
1162 1151 1203 1176 55

1019 1170 1276 1245 ἀποδιδράσκω·
1323 1200 1407 1248 ὑπὲρ
1445 1206 1514 1235 τῶν
1552 1199 1777 1246 ἀνδραπόδων

1063 1263 1132 1291 τῶν
1173 1257 1392 1305 ἀποδράντων
1433 1256 1469 1298 ἐξ
1498 1250 1572 1292 Ἴου
1613 1257 1670 1291 ἐπὶ
1707 1250 1793 1292 τῶν
1844 1286 1846 1302 ;

1065 1313 1193 1349 πλοίων
1217 1319 1285 1348 τῶν
1310 1313 1492 1362 ἀφράκτων
1518 1315 1595 1358 773,
1617 1322 1635 1348 4

1019 1370 1198 1406 ἀποθεόω·
1221 1374 1281 1406 τοῦ
1306 1370 1566 1410 ἀποθεωθέντος
1591 1371 1626 1406 ἐν
1649 1372 1699 1418 τῷ
1719 1371 1776 1406 λέ·
1844 1390 1847 1395 =

1067 1428 1146 1474 βητι
1169 1429 1248 1473 611,
1266 1436 1283 1462 4

1020 1485 1227 1523 ἀποθέωσις·
1254 1486 1288 1520 ἐν
1312 1485 1422 1531 τούτῳ
1445 1485 1496 1532 τῷ
1520 1485 1612 1532 μηνί,
1639 1485 1674 1519 ἐν
1702 1479 1730 1530 ᾧ
1753 1485 1777 1531 ἡ
1841 1463 1850 1504 *⁴

1065 1541 1258 1580 ἀποθέωσις
1292 1542 1398 1588 αὐτῆς
1435 1542 1470 1576 ἐν
1503 1541 1596 1589 ἀρχῇ
1626 1541 1777 1588 ἐγενήθη

1066 1600 1120 1644 56,
1140 1608 1181 1635 56

1019 1657 1162 1692 ἀποικία
1186 1658 1264 1701 233,
1285 1664 1325 1692 18

1019 1714 1163 1752 ἄποικος
1188 1713 1287 1752 πόλις
1311 1715 1390 1758 497,
1406 1720 1436 1748 2.
1475 1712 1614 1748 ἄποικοι
1637 1713 1716 1756 503,
1735 1720 1752 1748 3

1019 1770 1275 1816 ἀποκαθίστημι
1294 1770 1450 1815 passion.

1021 1827 1293 1865 ἀποκατάστασις
1316 1829 1395 1871 483,
1415 1836 1432 1863 8

1021 1884 1223 1929 ἀπόκειμαι·
1255 1883 1307 1922 οἷς
1331 1883 1548 1918 ἀποκείσεται
1571 1883 1664 1929 παρὰ
1687 1882 1778 1918 θεῶν
1844 1886 1858 1903 '‘-

1065 1941 1124 1975 καὶ
1148 1940 1271 1987 ἡρώων
1296 1941 1396 1988 χάρις
1421 1941 1499 1984 383,
1520 1947 1582 1975 189

1020 1997 1238 2042 ἀποκομίζω·
1269 1997 1362 2034 ὅπως
1387 1994 1410 2030 δ’
1431 1995 1472 2031 ἂν
1488 1997 1547 2031 καὶ
1563 1999 1620 2031 νῦν
1636 2016 1684 2021 -
1699 2009 1779 2031 πεν-
1849 2002 1858 2045 ⁵1

1066 2053 1149 2100 φθεῖ
1186 2053 1203 2088 ὁ
1236 2052 1436 2098 ἀποκομιῶν
1470 2054 1514 2088 τὰ
1550 2053 1777 2100 ἐπιβάλλοντα

1067 2110 1212 2157 δοθῆναι
1237 2111 1315 2153 771,
1333 2117 1375 2144 45

1020 2167 1256 2214 ἀπόκρημνος·
1292 2167 1327 2202 ἐν
1359 2166 1593 2213 ἀποκρήμνοις
1615 2186 1664 2192 -
1686 2167 1779 2210 ὄρεσι
1850 2183 1852 2186 >

1068 2225 1133 2259 199
1166 2232 1206 2258 15

1019 2251 1238 2327 ἀποκρίματα
1262 2282 1340 2326 335,
1360 2289 1413 2316 95.
1434 2290 1510 2316 119.
1535 2282 1614 2325 494,
1635 2288 1674 2316 18

1021 2338 1208 2376 ἀπόλαυσις
1233 2339 1310 2382 383,
1327 2346 1378 2374 12.
1400 2346 1474 2373 150.
1500 2340 1641 2382 404‚10.
1666 2338 1773 2381 669,5
1842 2373 1843 2376 Ἴ

1019 2395 1199 2430 ἀπολαύω·
1237 2394 1260 2440 ἡ
1291 2394 1464 2442 Αἴγυπτος
1487 2415 1534 2421 -
1555 2398 1614 2429 νῦν
1643 2393 1775 2439 μᾶλλον
1840 2422 1844 2438 5

1066 2452 1236 2486 ἀπέλαυσε
1260 2457 1322 2499 τῆς
1348 2451 1477 2490 δικαίας
1493 2450 1691 2497 ἀναβάσεως
1714 2453 1776 2485 τοῦ

1065 2509 1147 2544 θεοῦ
1173 2509 1251 2553 666,
1272 2516 1324 2543 10.
1371 2509 1434 2554 τὴν
1459 2507 1559 2543 πόλιν
1583 2506 1776 2542 ἀπολαύου-
1841 2514 1848 2528 ’-

1067 2578 1127 2600 σαν
1151 2572 1218 2600 τῶν
1236 2566 1434 2612 εὐεργεσιῶν
1459 2566 1536 2608 669,
1555 2572 1586 2598 4.
1624 2560 1664 2598 ἵν’
1686 2563 1775 2598 εἰδό-
1845 2561 1846 2592 J

1066 2635 1120 2662 τες
1137 2622 1334 2668 ἀπολαύητε
1357 2627 1423 2656 τῶν
1443 2621 1638 2667 εὐεργεσιῶν
1663 2621 1741 2664 669,
1756 2626 1774 2654 2
1838 2621 1841 2646 3

1021 2679 1195 2727 ἀπολέγω·
1227 2679 1445 2725 ἀπελεξοίμην
1478 2678 1617 2724 ἐμαυτῷ
1638 2676 1716 2715 τούς
1739 2688 1776 2711 τε
1840 2683 1845 2706 ἶ

1065 2737 1163 2775 νέους
1188 2736 1297 2771 αὐτῶν
1314 2735 1372 2770 καὶ
1395 2738 1557 2781 γυναῖκας
1578 2733 1637 2769 καὶ
1653 2733 1779 2772 παῖδας
1839 2758 1842 2759 ⁷

1066 2793 1139 2827 κτλ.
1169 2795 1244 2837 199,
1267 2801 1304 2828 17

1021 2848 1214 2884 ἀπολείπω·
1243 2844 1270 2896 ᾧ
1294 2849 1333 2884 ἂν
1358 2847 1508 2894 ἀπολίπῃ
1535 2849 1612 2892 266,
1633 2855 1649 2882 9
