1858 3126
36 183 116 227 596]
544 182 737 224 Tyriorum
761 181 870 214 statio
895 181 1098 214 Puteolana.
1525 180 1609 222 293

152 321 191 363 οἱ
226 312 279 363 ἐν
305 318 526 366 Ποτιόλοις.
579 317 642 360 ἀεὶ
676 316 680 374 Ι
714 317 839 364 οὕτως
875 316 1057 372 ἐγείνετο.
1109 315 1177 359 καὶ
1213 320 1280 359 νῦν
1323 317 1449 364 οὕτως
1485 317 1612 373 γεινέ-

151 389 251 432 σθω.
291 391 406 430 τοῦτο
436 393 485 443 τῇ
525 387 640 429 πόλει
671 386 876 443 συμφέρει.
925 385 1188 442 φυλαχθήἱτω
1218 388 1244 442 ἡ
1278 381 1499 441 συνήθεια’.
1544 386 1611 426 ἀν·-

151 457 333 514 ιγνῶσθη
369 454 616 499 πιττάκιον33
650 454 768 497 δοθὲν
798 453 888 496 τὸ34
918 453 992 496 ὑπὸ
1024 453 1214 510 Λάχητος
1245 453 1613 511 ΠρειμογεΙνείαςῧὸ

148 525 219 568 καὶ
250 523 519 582 Ἀγαθόποδος
564 525 652 566 υἱοῦ
696 524 817 566 αὐτοῦ
858 521 1013 579 Τυρίων
1059 524 1355 579 στατιωναρίων
1399 523 1614 569 στατίωνος

83 604 129 638 40
148 593 370 651 ,ΤυριαΙΙκῆς
405 597 477 650 τῆς
507 594 548 636 ἐν
579 593 755 648 κολωνία
786 591 970 648 Σεβαστῇ
985 593 1022 620 ⁸⁶
1052 590 1275 645 Ποτιόλοις,
1307 592 1347 634 ἐν
1379 589 1412 648 ᾧ
1444 592 1612 646 ἐδήλουν

149 662 342 719 παρέχειν
354 664 391 692 ⁸⁷
426 662 498 718 τὴν
529 662 728 718 ἡμετέραν
761 661 766 717 Ι
799 660 971 717 πατρίδα
1001 660 1220 707 στατίωνας
1252 660 1337 714 δύο,
1368 660 1438 716 τὴν
1471 659 1541 714 μὲν
1573 661 1614 701 ἐν

151 736 200 788 τῇ
232 729 406 788 βασιλίδι
426 727 599 786 Ῥώμη,
631 729 702 786 τὴν
733 729 777 772 δὲ
806 753 1199 762 ................
1199 729 1214 784 ]
1218 762 1225 769 ,

131 866 172 896 33
203 863 253 897 Cf.
286 862 409 906 Polyb.
432 862 560 905 XXXI,
585 865 640 905 2⁴,
667 865 703 896 9:
736 860 867 908 γράψας
898 862 987 904 (ipse
1011 861 1194 904 Polybius)
1226 859 1335 906 βραχὺ
1361 858 1534 894 πιττάκιον
1558 858 1617 892 καὶ

37 918 304 968 σφραγισάμενος
326 918 454 964 πέμπει
477 915 551 965 παρ’
571 917 675 953 αὑτοῦ
703 917 811 952 παῖδα
835 917 1100 958 συσκοτάζοντας
1131 916 1205 963 ἄρτι
1234 920 1294 951 τοῦ
1329 916 1421 960 θεοῦ,
1454 914 1617 954 συντάξας

37 975 308 1023 ἐπιαλεσάμενον
339 975 396 1011 τὸν
429 975 586 1024 οἰνοχόον
613 978 674 1010 τοῦ
704 973 902 1021 Δημητρίου
934 976 1082 1017 (Seleuci
1106 975 1151 1007 IV
1177 975 1415 1018 Philopatoris
1447 974 1521 1016 filii,
1553 974 1616 1015 qui

37 1037 116 1069 tum
140 1035 274 1068 Romae
297 1034 405 1069 obses
428 1033 653 1076 versabatur,
686 1035 814 1077 postea
837 1034 1002 1076 regnavit
1026 1043 1056 1066 a.
1077 1035 1256 1065 462-450
1283 1042 1314 1065 a.
1332 1033 1412 1065 Chr.
1433 1032 1477 1073 n.)
1502 1030 1618 1064 δοῦναι

37 1091 76 1126 τὸ
100 1090 282 1126 πιττάκιον.
401 1092 441 1124 84
475 1091 678 1124 Articulum
703 1090 772 1124 hoc
803 1090 882 1124 loco
908 1091 1086 1132 scriptum
1117 1099 1196 1123 esse
1228 1092 1381 1130 constat,
1414 1090 1456 1122 ut
1479 1088 1616 1121 Franzii

5 1168 8 1171 >
37 1149 144 1183 lectio
169 1146 269 1183 δοθὲν
294 1146 394 1191 [ὖ]πὸ,
419 1148 689 1191 simplicissima
712 1148 770 1180 illa
795 1147 953 1190 quidem,
980 1156 1065 1179 vera
1086 1156 1158 1179 non
1184 1147 1239 1179 sit.
1281 1146 1349 1178 Sed
1366 1148 1490 1178 utrum
1516 1143 1616 1178 δοθὲν

37 1205 75 1240 τὸ
99 1215 166 1249 pro
188 1205 228 1239 τὸ
253 1203 354 1240 δοθὲν
381 1205 525 1247 (Kaibel)
551 1214 595 1238 an
620 1214 686 1247 pro
712 1203 812 1238 δοθὲν
835 1203 911 1236 τότε
937 1205 1158 1245 (Mommsen)
1192 1212 1314 1236 errore
1338 1205 1526 1236 exaratum
1559 1203 1616 1243 sit,

38 1264 74 1296 in
98 1262 218 1296 medio
242 1262 531 1305 relinquendum.
650 1264 691 1294 35
722 1261 881 1294 Mulieris
906 1270 1041 1293 nomen
1074 1261 1132 1292 bic
1157 1261 1295 1293 nullum
1324 1260 1457 1292 habere
1481 1260 1617 1300 locum,

40 1323 82 1353 ut
112 1321 238 1362 utique
268 1319 405 1361 aliquid
439 1318 626 1351 turbatum
658 1317 834 1359 videatur,
871 1317 1081 1350 observavit
1115 1317 1252 1350 Kaibel.
1397 1319 1439 1348 36
1471 1316 1618 1349 Colonia

39 1377 175 1410 civium
205 1376 451 1410 Romanorum
474 1375 745 1408 Dicaearchiam
770 1374 996 1416 Campaniae,
1028 1374 1127 1416 quod
1159 1373 1334 1416 oppidum
1367 1373 1449 1407 inde
1481 1372 1527 1405 ab
1557 1373 1617 1406 illo

39 1436 206 1476 tempore
234 1433 359 1466 Latino
394 1432 543 1465 nomine
572 1431 712 1464 Puteoli
747 1430 1008 1473 appellabatm',
1044 1431 1202 1464 deducta
1237 1433 1292 1464 est
1322 1432 1395 1464 iam
1423 1439 1517 1463 anno
1552 1432 1615 1462 497

41 1500 71 1524 a.
98 1490 179 1524 Chr.
203 1499 237 1523 n.
286 1489 336 1523 Cf.
365 1489 442 1523 Liv.
462 1488 606 1531 mil,
630 1491 684 1530 29,
708 1491 738 1521 3.
772 1488 931 1532 XXXIV,
960 1490 1012 1531 ⁴2,
1039 1491 1070 1521 6.
1109 1489 1267 1521 Velleius
1291 1489 1315 1530 Ι,
1341 1491 1395 1531 45,
1418 1491 1449 1521 3.
1491 1486 1618 1520 Strabo

0 1559 1 1582 i
40 1547 83 1590 V,
102 1549 132 1590 ¹»,
152 1550 171 1579 6
196 1556 230 1590 p.
245 1548 322 1580 2⁴5.
361 1547 445 1579 Plin.
468 1545 548 1579 Nat.
565 1546 650 1579 hist.
667 1546 723 1588 ΠΙ,
742 1548 796 1579 64.
843 1545 912 1578 Sed
934 1545 1120 1588 Augustus
1144 1548 1335 1578 veteranos
1359 1554 1402 1578 eo
1428 1544 1620 1578 deduxisse

40 1604 197 1646 videtur,
228 1603 325 1637 unde
349 1603 489 1636 colonia
513 1611 645 1636 nomen
666 1603 763 1645 quod
790 1604 845 1635 est
867 1603 1029 1645 Augusta
1054 1599 1234 1647 (Σεβαστή)
1260 1603 1379 1635 traxit.
1420 1602 1468 1635 cf.
1494 1602 1531 1634 C.
1544 1603 1569 1634 1.
1583 1602 1618 1634 L.

0 1673 2 1692 r
40 1661 131 1703 VIII,
149 1663 248 1695 7959.
287 1660 327 1694 Ε.
346 1661 573 1694 Kornemann
599 1669 654 1702 ap.
680 1659 993 1702 Pauly-wissowa
1017 1659 1364 1702 Realencyklopadie
1390 1659 1478 1701 1V,4
1510 1661 1612 1701 p.⁵2l

41 1728 76 1752 n.
95 1720 149 1751 ⁴4.
180 1727 215 1760 p.
234 1719 310 1751 587.
429 1720 470 1748 37
505 1717 580 1750 Hoc
604 1726 662 1749 me
688 1726 760 1750 non
783 1717 989 1759 intellegere
1013 1718 1166 1759 ingenue
1182 1717 1365 1759 profiteor.
1404 1716 1497 1749 Nam
1521 1716 1620 1758 quod

39 1775 211 1809 Franzius
235 1774 324 1818 volt,
347 1774 541 1817 pugillares
566 1783 587 1807 a
610 1774 763 1807 Lachete
787 1774 833 1807 ad
857 1775 1092 1808 stationarios
1116 1775 1248 1807 missos
1272 1782 1352 1807 esse
1376 1773 1555 1815 Puteolos,
1580 1775 1621 1805 ut

40 1833 93 1866 illi
123 1832 297 1865 certiores
325 1831 453 1865 flerent
481 1833 645 1865 senatum
670 1831 866 1873 Tyriorum
896 1832 1071 1874 petitione
1110 1840 1197 1864 suae
1229 1840 1370 1863 morem
1400 1831 1555 1872 gessisse
1571 1831 1622 1862 et

40 1892 236 1932 utramque
264 1889 468 1931 stationem,
499 1888 734 1922 Puteolanam
757 1890 794 1921 et
817 1889 1029 1931 Romanam,
1063 1888 1109 1921 ad
1133 1889 1213 1921 illos
1244 1887 1430 1921 transferri
1459 1887 1620 1928 iussisse,

42 1947 169 1981 multis
193 1945 401 1980 nominibus
425 1954 510 1979 cum
534 1945 657 1979 verbis
680 1946 777 1978 tituli
801 1948 947 1988 pugnat.
995 1947 1112 1978 Immo
1143 1948 1226 1988 post
1255 1945 1448 1988 epistulam
1472 1945 1487 1976 1
1511 1945 1620 1977 etiam

7 2045 10 2048 Δ
42 1990 124 2038 illos
146 2003 340 2051 pugillares
364 2003 450 2045 Tyri
475 2003 512 2035 in
537 2004 665 2036 senatu
688 2003 860 2036 recitatos
885 2011 976 2044 esse,
1001 2004 1042 2035 ut
1066 2003 1156 2035 haec
1176 2003 1285 2035 etiam
1311 2011 1396 2044 pars
1421 2003 1468 2035 sit
1491 2010 1621 2034 eorum

6 2060 10 2066 ²
42 2069 138 2104 quae
159 2069 206 2093 ex
229 2060 319 2093 actis
343 2061 490 2093 senatus
514 2060 551 2092 in
574 2059 671 2092 hunc
694 2059 851 2102 lapidem
869 2060 1106 2102 transscripta
1129 2060 1212 2102 sint,
1237 2061 1398 2102 apparet.
1439 2058 1508 2091 Sed
1532 2067 1623 2101 quo·

43 2117 154 2150 modo
179 2117 231 2150 illi
248 2117 413 2150 homines
430 2125 475 2149 ex
492 2125 642 2149 numero
654 2115 958 2149 ‘stationariorum
975 2117 1255 2150 Puteolanorum
1272 2117 1464 2159 Tyriorum
1482 2116 1622 2149 senatui

11 2206 14 2207 ⁷
44 2173 204 2207 scribere
227 2174 407 2216 poterant,
439 2173 595 2215 patriam
623 2173 887 2206 mercatoribus
911 2174 1085 2207 stationes
1109 2174 1295 2216 praebere,
1332 2174 1437 2216 quasi
1467 2182 1555 2206 vero
1586 2173 1623 2205 id

45 2239 118 2264 non
142 2230 306 2264 omnium
336 2230 474 2272 optlme
498 2230 632 2263 scirent
662 2232 847 2263 senatores
879 2231 1018 2273 patriae
1041 2229 1152 2273 Tyri?
1193 2230 1311 2269 Quare
1341 2231 1464 2263 nescio
1495 2239 1539 2262 an
1571 2231 1623 2261 in·
1675 2217 1678 2220 ⁴

45 2286 207 2320 finitivus
230 2285 392 2332 παρέχειν
417 2295 490 2319 non
513 2286 558 2320 ab
582 2287 663 2329 ipso
689 2285 832 2331 ἐδήλουν
858 2287 1023 2330 pendeat,
1049 2288 1113 2321 sed
1137 2287 1183 2321 ab
1208 2289 1278 2321 alio
1295 2287 1484 2329 infinitivo,
1510 2285 1623 2318 veluti

46 2341 129 2386 δεῖν,
153 2347 290 2390 χρῆναι,
313 2341 497 2389 ἀναγκαῖον
515 2341 612 2386 εἶναι,
638 2342 768 2389 βέλτιον
793 2342 889 2387 εἶναι,
914 2346 978 2387 qui
995 2347 1081 2387 post
1103 2355 1138 2378 v.
1156 2347 1190 2377 Η
1222 2345 1454 2378 interciderit.
1497 2344 1623 2384 Utique

47 2399 208 2447 παρά-χειν
232 2400 321 2434 nihil
345 2399 443 2433 aliud
459 2402 515 2433 est
530 2409 573 2433 ac
589 2402 778 2443 sumptum
794 2402 991 2434 stationum
1008 2402 1326 2435 conducendarum
1344 2403 1380 2434 in
1398 2410 1436 2434 se
1452 2401 1622 2442 recipere.

136 2602 227 2646 596
267 2606 383 2645 Basis
412 2607 628 2646 marmoris
658 2608 847 2647 Pentelici
877 2612 993 2647 eruta
1013 2609 1196 2648 Eleusine
1225 2609 1267 2646 in
1296 2608 1448 2658 templo
1471 2606 1624 2645 Cereris

53 2675 93 2712 et
119 2673 400 2725 Proserpinae.
455 2674 555 2714 Edd.
589 2674 704 2714 Skias
731 2670 952 2730 Ἐφημερὶς
983 2674 1073 2729 ἀρχ.
1105 2676 1212 2714 4894
1245 2688 1284 2726 p.
1310 2675 1405 2714 2⁴0.
1463 2675 1506 2712 P.
1530 2674 1626 2711 Per-

52 2739 181 2779 drizet
209 2741 346 2780 Revue
376 2741 683 2795 archeologique
713 2743 933 2782 Troisieme
963 2744 1039 2782 ser.
1063 2743 1207 2780 XXXV
1238 2740 1379 2793 (⁴899)
1411 2754 1449 2792 p.
1474 2739 1540 2777 37.

144 2867 297 2900 Litterae
312 2863 624 2905 λεζθλιιποω.
666 2872 726 2904 vs.
747 2874 764 2903 s
787 2872 822 2904 in
840 2879 929 2903 voce
954 2868 1150 2913 σεμνότατοι
1172 2870 1291 2902 littera
1307 2869 1453 2901 initialis
1470 2870 1499 2901 c
1516 2876 1627 2910 supra

2 2946 9 2971 Ι
55 2926 83 2956 e
104 2925 256 2966 scripta3
282 2928 432 2966 apparet
447 2928 564 2968 primo
582 2936 704 2960 errore
721 2929 905 2970 omissam,
925 2927 1051 2959 deinde
1068 2935 1179 2967 supra
1195 2934 1341 2958 versum
1360 2925 1516 2957 additam
1535 2932 1634 2957 esse..
