1858 3126
101 253 203 298 ἡμῶν
237 250 358 288 Αἴλιον
391 247 604 286 Ἀντωνεῖνον
643 249 812 296 Σεβαστόν
844 253 848 325 a

102 310 183 354 493,
201 317 254 345 40.
299 307 384 356 ὑπὲρ
409 308 576 354 σωτηρίας
607 310 668 342 τοῦ
691 305 809 352 κυρίου

101 366 203 411 ἡμῶν
271 363 531 412 Αὐτοκράτορος
601 361 810 399 Ἀντωνείνου
844 327 847 406 ί

104 424 181 467 700,
203 430 236 458 4.
289 419 499 458 Ἀντωνείνου
540 419 714 468 Καίσαρος
750 423 811 454 τοῦ

101 479 219 526 κυρίου
245 479 324 523 702,
343 487 373 514 3.
393 488 410 514 4

148 537 246 576 ἔτους
266 536 380 582 τρίτου
406 535 665 584 Αὐτοκράτορος
683 531 813 570 Καίσα-

195 605 252 640 ρος
275 592 378 629 Τίτου
412 591 530 629 Αἰλίου
553 590 722 638 Ἀδριανοῦ
746 588 812 627 Ἀν-

194 650 354 686 τωνείνου
415 648 588 695 Σεβαστοῦ
642 647 812 695 Εὐσεβοῦς

195 708 335 752 (139s40
358 718 394 752 p.
411 708 504 749 chr.)
530 708 608 750 702,
627 714 644 741 s

148 762 383 813 Αὐτοκράτορι
407 761 564 810 Καίσαρι,
589 763 671 799 θεοῦ
687 759 813 810 Ἀδρια-

193 825 253 857 νοῦ
276 822 351 869 υἱῷ,
384 821 467 857 θεοῦ
489 819 661 868 Τραϊανοῦ
686 819 813 866 Παρθι-
845 822 849 856 1

194 882 258 914 κοῦ
274 879 399 926 υἱωνῷ,
418 878 500 914 θεοῦ
517 875 655 924 Νὲρουα
672 877 812 923 ἐκγόνῳ,
846 875 848 900 3

193 934 283 981 Τίτῳ
306 934 413 981 Αἰλίῳ
442 932 599 982 Ἀὂριανῷ
631 932 812 980 Ἀντωνίνῳ
846 902 849 980 ί

197 991 360 1039 Σεβαστῷ
382 991 538 1039 Εὐσεβεῖ,
570 992 722 1040 ἀρχιερεῖ
755 1005 813 1037 με·
846 1006 849 1042 ;

194 1050 308 1096 γίστῳ,
344 1049 562 1097 δημαρχικῆς
593 1049 744 1090 ἐξουσίας
774 1050 813 1083 τὸ
846 1043 849 1061 ¹

195 1098 236 1152 γ’,
261 1105 379 1151 ὑπάτῳ
403 1107 441 1141 τὸ
466 1098 506 1152 γ’,
531 1106 632 1154 πατρὶ
654 1107 814 1152 πατρίδος
845 1074 850 1141 Ι

196 1164 274 1206 (140
298 1174 333 1208 p.
351 1165 445 1206 Chr.)
471 1165 548 1207 575,
569 1171 583 1197 1

150 1213 229 1256 μα’
249 1219 367 1266 (uus
392 1222 537 1265 p.‹:11r.)
564 1221 641 1265 703,
660 1229 676 1255 ⁷

152 1270 224 1313 1.ιε’
255 1275 429 1324 Αὐρηλίου
461 1275 654 1313 Ἀντωνίνου
684 1274 815 1312 Καίσα-

196 1347 254 1382 ρος
281 1338 343 1369 τοῦ
365 1334 484 1380 κυρίου
520 1335 636 1379 (15¹s2
660 1345 696 1378 p.
721 1335 815 1377 Chr.)

197 1392 274 1434 772,
295 1399 334 1427 10

153 1441 234 1485 Lefl'
248 1447 506 1496 Αὐτοκράτορος
522 1447 696 1495 Καίσαρος
712 1448 813 1484 Τίτου

200 1505 320 1542 Αἰλίου
335 1502 507 1552 Ἀδριανοῦ
522 1504 733 1541 Ἀντωνείνου
751 1505 814 1541 Σε-

199 1564 323 1611 βαστοῦ
338 1562 511 1610 Εὐσεβοῦς
536 1564 652 1609 (15516
670 1574 704 1608 p.
721 1566 814 1606 Chr.)

199 1622 276 1666 704,
296 1629 312 1655 7

154 1675 381 1726 Αὐτοκράτωρ
406 1675 552 1722 Καῖσαρ,
583 1677 665 1712 θεοῦ
689 1674 815 1723 Ἁδρια-

198 1737 258 1769 νοῦ
281 1734 366 1778 υἱός,
392 1734 475 1770 θεοῦ
500 1733 670 1780 Τραϊανοῦ
688 1733 815 1780 Παρθι-

195 1795 260 1827 κοῦ
292 1791 426 1836 υἱωνός,
459 1791 542 1827 θεοῦ
566 1789 686 1838 Νέρβα
718 1791 814 1838 ἔκγο-

195 1861 264 1893 νος,
291 1847 390 1888 Τίτος
415 1848 534 1887 Αίλιος
557 1844 724 1895 Ἁδριανὸς
747 1845 814 1883 Ἀν-

195 1909 357 1944 τωνεῖνος
404 1904 583 1952 Σεβαστός,
637 1904 815 1952 ἀρχιερεὺς

195 1962 367 2010 μέγιστος,
407 1962 624 2010 δημαρχικῆς
660 1962 816 2003 ἐξουσίας

196 2020 236 2060 τὸ
258 2011 302 2062 κ’,
326 2019 545 2067 αὐτοκράτωρ
566 2019 605 2053 τὸ
624 2011 664 2066 β’,
689 2018 816 2058 ὕπατος

198 2077 237 2111 τὸ
268 2069 308 2118 δ’,
345 2077 458 2123 πατὴρ
487 2076 645 2123 πατρίδος
676 2078 753 2119 (157
780 2087 815 2120 p.

198 2135 293 2176 cnr.)
318 2135 396 2177 506,
416 2141 430 2167 ι

155 2183 242 2224 Lm'
265 2189 525 2236 Αὐτοκράτορος
554 2188 727 2236 Καίσαρος
759 2190 816 2225 Τί-

199 2260 259 2282 του
282 2246 404 2282 Αἰλίου
419 2243 588 2293 Ἀδριανοῦ
604 2245 815 2282 Ἀντωνείνου

203 2302 376 2350 Σεβαστοῦ
416 2302 588 2349 Εὐσεβοῦς
631 2304 746 2348 (15718
781 2315 816 2348 p.

16 2362 44 2409 ε’,
202 2361 295 2403 chr.)
321 2361 398 2403 705,
418 2368 435 2394 -ι

10 2396 50 2461 ’ἒξ
55 2422 202 2468 ’ἑορτάζε
207 2435 236 2457 ιν
244 2423 308 2468 τὴν
318 2421 492 2469 γενέθλιον
507 2422 611 2456 αὐτοῦ
623 2425 701 2467 493,
712 2431 729 2458 2
736 2431 766 2458 6.
773 2442 818 2450 —-

109 2479 284 2526 τειμηθεὶς
342 2478 406 2513 ὑπὸ
472 2478 553 2514 θεοῦ
607 2476 816 2515 Ἀντωνείνου

111 2537 190 2580 531,
211 2544 265 2571 10.
311 2534 566 2582 πρεσβεύσαντα
605 2535 697 2581 παρὰ
737 2535 817 2571 θεὸν

29 2583 66 2634 ἦ,
109 2589 321 2628 Ἀντωνεῖνον
347 2594 424 2637 547,
446 2601 462 2626 5

158 2691 201 2724 Μ.
225 2668 434 2724 Aut-elius
458 2693 500 2723 et
524 2691 560 2723 L.
585 2690 735 2723 Verus.

30 2731 240 2806 ‚5.:3„At'›971Mou
280 2755 451 2805 Καίσαρος
496 2761 555 2791 τοῦ
600 2758 676 2791 υἱοῦ
715 2755 819 2791 αὐτοῦ

36 2811 53 2862 ἓΙ
115 2810 315 2855 (Ἀντω-ιίοου
340 2813 521 2861 Εὐσεβοῦς)
548 2816 625 2858 625,
644 2822 660 2848 3

290 115 363 149 vu.
398 115 556 148 Nomina
580 114 845 155 imperatorum
869 113 1114 147 Romanorum
1140 123 1224 147 cum
1250 114 1404 148 familiis.

1553 116 1633 157 621

882 248 1112 297 Αὐτοκράτωρ
1138 248 1272 298 Καῖσαρ
1296 249 1439 296 Μᾶρκος
1465 250 1639 298 Αὐρήλιος

927 303 1140 346 Ἀντωνεῖνος
1174 306 1345 354 Σεβαστὸς
1376 308 1435 343 καὶ
1464 306 1640 354 Αὐτοκρά-

926 376 996 410 τωρ
1028 363 1163 408 Καῖσαρ
1194 365 1341 403 Λούκιος
1365 364 1500 411 Οὐῆρος
1531 364 1639 412 Σεβα-

929 422 1005 459 στὸς
1022 418 1237 466 Ἀρμενιακός
1256 423 1333 466 508,
1356 430 1382 456 1.
1423 421 1640 470 Αὐτοκράτο-

930 490 984 524 ρες
1004 475 1172 523 Καίσαρες
1191 478 1357 527 Αὐρήλιοι
1372 476 1566 518 Ἀντωνῖνος
1581 480 1642 514 καὶ

930 534 1063 580 Οὐῆ-ρος
1090 534 1256 582 Σεβαστοί
1282 536 1359 580 109,
1379 544 1396 571 3

883 590 1140 638 Αὐτοκράτορος
1166 590 1337 638 Καίσαρος
1362 591 1506 639 Μάρκου
1526 592 1640 640 Αὐρη-

927 648 1002 683 λίου
1027 646 1238 684 Ἀντωνείνου
1265 649 1436 696 Σεβαστοῦ
1463 651 1541 695 546,
1562 659 1579 685 4

1125 753 1400 787 Commodus.

882 820 938 854 τὸν
953 818 1111 867 μέγιστον
1125 819 1358 867 αὐτοκράτορα
1370 818 1514 867 Μᾶρκον
1526 818 1641 868 Αὐρή-

927 875 1001 911 λιον
1038 875 1200 922 Κόμοδον
1236 874 1429 913 Ἀντωνῖνον
1470 875 1640 924 Σεβαστόν

930 934 1007 976 509,
1028 942 1056 967 5.
1098 933 1183 979 ὑπὲρ
1201 934 1370 981 σωτηρίας
1393 935 1452 970 καὶ
1477 935 1642 982 διαμονῆς

928 994 988 1025 τοῦ
1012 990 1131 1036 κυρίου
1157 990 1256 1037 ἡμῶν
1275 991 1535 1038 Αὐτοκράτορος
1556 990 1641 1027 Καί-

930 1059 1030 1093 σαρος
1063 1046 1208 1095 Μάρκου
1241 1046 1413 1095 Αὐρηλίου
1448 1046 1640 1094 Κομμόὸου

929 1102 1143 1140 Ἀντωνείνου
1158 1103 1330 1151 Σεβαστοῦ
1343 1104 1515 1152 Εὐσεβοῦς
1523 1107 1600 1150 708,
1613 1114 1640 1142 1.

930 1161 1014 1208 ὑπὲρ
1032 1160 1290 1208 Αὐτοκράτορος
1304 1160 1476 1209 Καίσαρος
1493 1161 1640 1209 Μάρκου

931 1217 1104 1266 Αὐρηλίου
1137 1217 1298 1265 Κομόόου
1334 1217 1525 1255 Ἀντωνίνου
1555 1217 1642 1255 Καί-

932 1287 1032 1325 ⁶9¹OEss
1054 1279 1116 1310 τοῦ
1140 1275 1258 1322 κυρίου
1275 1275 1450 1324 Εὐτυχοῦς
1467 1275 1641 1323 Εὐσεβοῦς

932 1331 1104 1379 Σεβαστοῦ
1129 1334 1206 1377 710,
1228 1341 1242 1367 1

977 1390 1074 1429 ἔτους
1097 1382 1154 1424 ια’
1178 1390 1290 1434 (1sof1
1312 1401 1347 1434 p.
1365 1393 1458 1433 cnr.)
1485 1391 1562 1435 708,
1586 1399 1642 1426 18'

979 1439 1042 1482 m!
1066 1447 1205 1491 (189s90
1229 1458 1264 1491 p.
1284 1449 1376 1489 chr.)
1403 1449 1481 1491 710,
1500 1455 1517 1483 a

905 1552 1146 1593 Septimius
1170 1552 1359 1584 Severus
1383 1561 1480 1585 cum
1505 1551 1625 1584 filiis.

883 1624 951 1653 τῶν
989 1617 1152 1665 μεγίστων
1192 1620 1250 1653 καὶ
1290 1619 1477 1653 θειοτάτων
1516 1619 1642 1664 κυρίων

930 1674 1030 1721 ἡμῶν
1061 1675 1318 1723 αὐτοκρατόρων
1349 1675 1498 1711 Λουκίου
1524 1674 1643 1710 Σεπτι-

932 1731 1009 1776 μίου
1036 1730 1212 1778 Σεουήρου
1242 1731 1414 1778 Εὐσεβοῦς
1439 1731 1643 1778 Περτίνακος

930 1790 988 1823 καὶ
1034 1787 1179 1833 Μάρκου
1227 1788 1402 1835 Αὐρηλίου
1450 1786 1642 1824 Ἀντωνίνου

931 1844 1103 1892 Εὐσεβοῦς
1150 1846 1208 1879 καὶ
1255 1845 1407 1880 Ποπλίου
1456 1844 1642 1891 Σεπτιμίου

933 1900 1020 1937 Γέτα
1044 1900 1223 1949 Σεβαστῶν
1249 1904 1328 1947 515,
1349 1910 1387 1937 11

978 2007 1022 2039 Μ.
1048 2007 1296 2040 Antoninus
1321 2007 1559 2040 Caracalla.

886 2072 1029 2120 Μᾶρκον
1060 2071 1232 2119 Αὐρήλιον
1263 2071 1474 2109 Ἀντωνεῖνον
1504 2068 1644 2120 βασιλέα

935 2131 1011 2174 516,
1032 2138 1061 2165 6.
1103 2134 1163 2165 τοῦ
1190 2129 1364 2177 Σεβαστοῦ
1389 2132 1515 2175 πατρὸς
1540 2131 1642 2166 αὐτοῦ

935 2189 1135 2230 (Elagabali)
1166 2186 1425 2233 Αὐτοκράτορος
1450 2185 1642 2223 Ἀντωνίνου

934 2246 1012 2286 517,
1031 2253 1048 2279 ⁵

980 2301 1075 2339 ἔτους
1122 2294 1176 2348 κγ’
1220 2299 1413 2337 Ἀντωνίνου
1469 2300 1643 2347 Σεουήρου

1027 2358 1143 2404 (214s5
1169 2371 1203 2403 p.
1223 2361 1303 2393 Chr.
1321 2360 1366 2400 n.)
1394 2359 1471 2401 209,
1489 2365 1504 2391 1

982 2415 1078 2453 ἔτους
1101 2409 1155 2450 κδ’
1177 2420 1236 2451 τοῦ
1269 2415 1385 2463 κυρίου
1409 2414 1510 2460 ἡμῶν
1534 2412 1644 2450 Αὐτο-

1026 2474 1190 2521 κράτορος
1233 2471 1408 2518 Σεουήρου
1452 2469 1644 2507 Ἀντωνίνου

1028 2530 1201 2577 Εὐσεβοῦς
1249 2527 1425 2575 Εὐτυχοῦς
1473 2526 1644 2574 Σεβαστοῦ

1031 2587 1145 2632 (215χὸ
1169 2596 1204 2629 p.
1223 2587 1304 2620 Chr.
1321 2588 1366 2627 n.)
1393 2585 1471 2628 639,
1492 2592 1507 2617 1

994 2690 1240 2723 Antoninus
1266 2687 1538 2728 Elagabalus.

890 2760 950 2791 τοῦ
973 2756 1090 2803 κυρίου
1108 2755 1207 2801 ἡμῶν
1225 2753 1482 2801 Αὐτοκράτορος
1499 2751 1644 2800 Μάρκου

938 2811 1110 2860 Αὐρηλίου
1136 2809 1328 2847 Ἀντωνίνου
1355 2812 1431 2863 517,
1452 2818 1468 2844 3
