1858 3126
54 141 136 184 '1821
538 138 773 182 'tetrapylum
797 137 959 171 Valentis
982 138 1146 180 Augusti.
1550 138 1637 179 463

166 275 478 333 xumpffi(e)t²,
516 273 798 332 τετράξπυλον3
831 274 1041 329 ἐπώνυμον
1077 277 1147 316 τοῦ
1191 273 1401 317 θειοτάτου
1439 275 1639 331 βασιλέως

165 347 281 402 ἡμῶν
301 342 529 391 Οὐάλεντος
561 343 567 398 1
600 346 647 386 ἐκ
676 342 876 399 θεμελίων
897 342 1061 398 ἐκτίσθη
1095 342 1161 385 ἐπὶ
1191 347 1262 399 τῆς
1293 344 1449 400 &pl-53⁴
1478 346 1549 385 τοῦ
1569 360 1639 384 κυ-

99 425 141 457 10
169 413 284 471 plot)⁸
305 412 312 469 Ι
334 411 618 470 λαμπροτάτου
640 410 824 468 ἐπάρχου
846 416 917 467 τῆς
937 411 1143 466 Αἰγύπτου
1167 410 1310 454 Αἰλίου
1363 411 1599 454 Παλλαδίου
1608 414 1638 466 ⁸,

51 545 148 586 idem
179 551 275 586 redit
306 561 349 585 ac
379 561 413 584 n.
438 554 516 593 723,
541 554 561 583 2
594 547 854 597 τροπαιοὺχους,
887 550 987 593 quod
1016 549 1203 592 epitheton
1236 551 1323 582 item
1354 550 1638 592 Byzantinorum

52 611 170 643 aetate
200 617 347 652 semper
378 609 415 642 in
445 617 517 642 usu
547 609 692 641 mansit.
815 610 834 639 2
866 607 957 640 Cum
988 607 1072 640 hinc
1105 607 1252 640 Curtius
1284 607 1486 648 collegisset
1519 607 1639 639 medio

52 668 147 700 inter
177 666 386 699 decennalia
410 667 453 707 (a.
471 666 535 698 874
556 674 590 707 p.
608 665 689 698 Chr.
706 665 752 706 n.)
778 667 814 697 et
838 664 998 698 Valentis
1024 673 1148 698 necem
1174 665 1215 705 (a.
1235 667 1301 697 ³78
1326 673 1361 706 p.
1379 665 1460 697 Chr.
1478 666 1523 703 n.)
1549 667 1641 697 tem·

52 733 142 767 pore
171 723 393 766 tetrapylum
423 722 612 756 conditum
643 724 679 755 et
702 722 852 755 titulum
884 723 1041 754 incisum
1066 730 1158 763 esse,
1192 722 1227 754 id
1261 724 1400 763 pugnat
1429 730 1513 754 cum
1544 721 1640 753 tituli

52 781 187 823 verbis,
218 789 314 824 quae
346 779 383 813 id
414 780 537 822 potins
569 788 635 822 per
664 780 785 822 ipsum
811 780 1061 812 decennalium
1086 781 1233 821 tempus
1263 779 1439 812 accidisse
1469 779 1640 821 produnt.

52 837 171 877 Quare
193 839 291 871 recte
314 837 616 870 Wachsmutbtus
640 846 735 870 anno
755 839 819 869 374
839 845 873 879 p.
892 837 974 870 Chr.
992 846 1026 869 n.
1051 836 1199 869 titulum
1218 836 1417 869 vindicavit
1441 835 1642 869 observans

52 895 176 938 paullo
209 894 455 936 neglegentius
485 894 692 927 decennalia
723 895 833 927 etiam
864 893 909 927 ad
940 893 1150 926 Gratianum
1182 893 1319 934 reterri,
1350 894 1413 935 qui
1446 902 1540 926 anno
1574 895 1639 924 367

0 976 3 998 5
52 960 89 995 p.
106 951 188 985 Chr.
213 951 361 985 demum
385 952 538 993 Augusti
563 951 774 992 dignitatem
801 951 1071 993 imperiumque
1096 953 1224 984 nactus
1248 953 1355 983 esset.
1475 953 1493 982 3
1523 949 1642 982 Voca-

52 1008 141 1042 bnla
174 1009 342 1042 similiter
377 1009 532 1042 formata
567 1009 612 1042 de
646 1009 882 1041 munimentis
920 1009 1052 1041 usitata
1084 1017 1177 1050 esse,
1214 1011 1255 1040 ut
1291 1005 1505 1040 πεντάπυλον
1538 1007 1641 1047 (Plut.

53 1065 158 1100 Dion.
175 1067 231 1106 2⁹)
263 1069 301 1099 et
324 1064 475 1105 ἐξάπυλα
501 1066 656 1106 (Diodor.
680 1065 772 1107 xlv,
791 1068 845 1107 48,
864 1068 894 1105 3)
920 1066 1122 1107 Syracusis,
1153 1063 1358 1098 ἐννεάπυλον
1389 1065 1537 1097 Athenis
1563 1064 1643 1104 (Cli-

55 1123 185 1156 demus
207 1123 245 1156 in
261 1123 412 1156 Bekkeri
429 1123 561 1156 Anecd.
578 1133 613 1166 p.
633 1126 710 1164 449,
728 1126 782 1155 29.
824 1123 921 1155 Suid.
941 1131 969 1155 s.
995 1121 1104 1155 ἅπεόα
1127 1124 1164 1155 et
1187 1121 1360 1166 ἠπέδιζον.
1401 1122 1539 1163 Fragm.
1557 1122 1641 1154 hist.

55 1180 147 1213 (ἔκ-,Ι
170 1189 206 1223 p.
225 1183 290 1213 363
314 1189 349 1213 n.
367 1183 411 1212 22
436 1178 656 1225 περιέβαλλον
682 1179 719 1212 δὲ
743 1178 948 1212 &samma
973 1179 1012 1212 τὸ
1038 1177 1262 1223 Πελαργικόν)
1296 1179 1467 1212 observat
1490 1178 1643 1211 Wacbs·

56 1238 173 1278 mutii,
197 1237 261 1270 sed
286 1238 366 1270 iure
390 1240 505 1279 negat,
532 1236 577 1269 de
601 1246 645 1269 eo
668 1245 739 1269 usu
763 1236 822 1269 bic
838 1236 1071 1278 cogitandum
1089 1245 1181 1268 esse.
1223 1237 1339 1268 Immo
1363 1238 1487 1278 portas
1505 1236 1643 1277 magni·

56 1294 143 1327 ficas
167 1295 205 1327 in
227 1294 318 1328 locis
342 1294 648 1336 frequentissimis
663 1293 767 1326 urbis
786 1295 1003 1341 exstruct—affl
1027 1302 1093 1335 per
1117 1301 1209 1335 quas
1234 1302 1254 1326 a
1278 1294 1453 1335 quattuor
1476 1293 1643 1335 partibus

54 1351 230 1384 transitus
250 1352 401 1393 pateret,
425 1351 496 1383 hoc
511 1350 658 1383 nomine
675 1350 837 1382 indicari.
874 1350 1044 1382 Omnium
1061 1349 1244 1382 eiusmodi
1265 1349 1513 1382 aedificiorum
1538 1349 1643 1382 nobi-

52 1407 246 1449 lissimum,
278 1407 481 1450 porticibus
516 1407 873 1448 magnificentissime
910 1408 1139 1449 exornatum,
1177 1406 1488 1448 Constantinopoli
1519 1405 1642 1449 fuisse,

11 1494 21 1500 ,,
56 1465 121 1498 sed
151 1465 260 1498 etiam
289 1465 326 1498 in
364 1465 445 1507 ipsa
473 1464 566 1497 urbe
595 1464 922 1497 Alexandrinorum
960 1464 1093 1496 Leonte
1124 1464 1139 1495 1
1179 1464 1373 1504 (457-474
1411 1472 1447 1505 p.
1476 1463 1558 1496 Chr.
1595 1463 1642 1503 n.)

11 1519 16 1528 “’
54 1523 275 1565 imperatore
289 1522 397 1555 talem
415 1523 560 1564 portam
577 1522 860 1554 commemorari
877 1522 913 1553 in
931 1521 1075 1562 Euagrii
1092 1521 1244 1554 historia
1261 1521 1503 1553 ecclesiastica
1522 1521 1562 1561 ll,
1576 1523 1608 1562 8,
1623 1523 1643 1553 8

0 1570 106 1626 (ζμ.
130 1580 185 1621 44,
203 1581 247 1612 25
282 1579 339 1612 ed.
363 1578 481 1612 Vales.
514 1579 626 1611 Oxou.
660 1579 773 1620 4844),
805 1578 871 1610 ubi
900 1586 1036 1620 corpus
1069 1578 1221 1611 Proterii
1252 1578 1368 1611 necati
1401 1577 1574 1611 omnibus
1598 1576 1645 1610 ad

57 1635 297 1680 spectandum
322 1636 554 1678 propositum
577 1644 657 1668 aese
682 1635 859 1668 referatur
890 1634 956 1668 ἀνὰ
979 1635 1017 1668 τὸ
1040 1633 1252 1678 καλούμενον
1277 1633 1500 1679 τετράτωλον,
1533 1637 1644 1677 atque

0 1696 34 1734 3
57 1693 247 1727 etiamtum
273 1693 429 1736 septimo
458 1701 494 1735 p.
512 1693 594 1725 Chr.
617 1693 762 1725 saeculo
779 1693 859 1725 eius
881 1694 1103 1725 mentionem
1133 1691 1250 1725 facere
1266 1693 1436 1725 loannem
1454 1692 1644 1725 Moschum

0 1739 34 1804 ζ
58 1751 97 1783 in
121 1750 227 1783 Prato
250 1750 430 1792 spirituali
455 1748 703 1794 (λειμωναρίφ),
731 1750 857 1791 Magna
882 1749 969 1782 bibl.
995 1752 1160 1782 veterum
1186 1751 1334 1791 patrum
1358 1749 1450 1782 xm.
1499 1748 1645 1781 Parisiis

4 1800 29 1860 ’,ᾗ
58 1808 147 1840 4644
171 1816 208 1850 p.
226 1809 315 1840 ⁴086
329 1807 368 1839 A.
409 1807 500 1839 Cum
516 1806 715 1848 utrobique
731 1807 946 1849 simpliciter
967 1806 1006 1839 τὸ
1022 1805 1229 1851 τετράπυλον
1247 1807 1400 1847 dicatur,
1426 1806 1462 1838 id
1478 1806 1643 1838 omnium

4 1857 27 1896 ἕξ
57 1863 327 1898 nobilissimum
350 1863 507 1906 ideoque
530 1864 568 1896 in
592 1863 828 1897 celeberrimo
854 1864 956 1896 urbis
981 1864 1072 1904 loco,
1106 1863 1259 1896 fortasse
1291 1863 1356 1896 ubi
1387 1863 1479 1895 duae
1509 1864 1645 1905 prima-

4 1919 29 1970 34
47 1921 135 1958 riae
156 1922 239 1954 viae
261 1923 363 1954 recto
389 1921 519 1963 angulo
544 1924 813 1962 concurrerent,
838 1922 951 1953 situm
976 1921 1088 1953 fuisse
1113 1921 1240 1953 videri.
1289 1920 1388 1958 Quae
1411 1929 1497 1953 cum
1523 1921 1645 1953 omnia

0 1974 3 1978 ’
27 2002 30 2003 ⁷
59 1978 232 2020 singulari
263 1979 427 2012 doctrina
450 1980 487 2011 et
510 1979 588 2011 acie
611 1979 745 2021 ingenii
769 1979 952 2020 disputata
986 1979 1069 2020 sint,
1100 1979 1187 2010 nihil
1218 1978 1336 2010 habeo
1371 1978 1471 2020 quod
1502 1977 1644 2019 addam,

1 2057 4 2066 ι
60 2036 131 2069 nisi
157 2036 241 2085 inde
270 2036 371 2078 quod
402 2035 580 2077 Euagrius
604 2038 641 2068 et
664 2037 815 2069 Ioannes
840 2036 1009 2068 Moschus
1042 2037 1266 2068 accuratiore
1298 2035 1505 2068 definitione
1534 2035 1645 2068 absti-

59 2094 168 2125 neant
190 2092 486 2126 commodissime
510 2093 630 2134 colligi
653 2102 769 2125 unum
794 2093 906 2125 modo
930 2093 1152 2135 tetrapylum
1170 2093 1405 2126 Alexandriae
1429 2092 1646 2135 fuisse,.boc

7 2145 29 2217 ᾗ
48 2150 183 2192 ‘ipsum
207 2149 368 2183 Valentis
390 2150 555 2192 Augusti.
594 2149 685 2183 Nam
711 2159 822 2192 quam
838 2150 1139 2183 Wachsmntbius
1161 2152 1200 2182 ut
1217 2150 1399 2183 diversam
1426 2151 1495 2183 hoc
1511 2150 1558 2183 ab
1582 2150 1644 2182 illo

5 2207 26 2261 ’γι
61 2206 327 2240 demonstraret
356 2207 477 2239 attulit
509 2208 753 2240 narrationem
778 2207 1105 2240 Alexandrinorum
1139 2208 1237 2249 apud
1262 2209 1432 2240 Ioannem
1456 2207 1646 2239 Moschum

10 2263 19 2299 T,
62 2263 109 2296 de
131 2263 303 2296 Ieremiae
325 2265 524 2305 prophetae
548 2273 704 2307 corpore
728 2265 775 2298 ab
796 2265 1000 2298 Alexandro
1016 2266 1143 2306 Magno
1166 2265 1240 2297 illic
1265 2265 1420 2307 sepulto,
1445 2266 1478 2296 ei
1502 2267 1645 2296 tantum

15 2315 41 2373 ἦέ*
62 2320 298 2353 tribuendum
323 2321 414 2352 mibi
437 2321 583 2362 quidem
608 2331 683 2354 non
715 2323 871 2355 videtur.
997 2324 1015 2355 4
1050 2322 1109 2355 Sic
1141 2322 1292 2355 Harrisii
1321 2324 1357 2354 et
1388 2322 1529 2354 Ebersii
1559 2330 1647 2363 apo-

23 2368 209 2427 '5252th
244 2377 350 2419 Apud
366 2378 473 2409 nilne
490 2378 867 2413 επιτΗοεΠΑΡχΗο
890 2381 957 2420 est,
982 2389 1108 2412 errore.
1125 2380 1262 2421 siquid
1278 2379 1398 2411 video.
1509 2381 1528 2411 s
1560 2379 1648 2411 Post

16 2418 137 2494 {hoc
151 2444 286 2467 nomen
301 2434 601 2467 Wachsmuthius
616 2436 724 2468 etiam
743 2437 832 2479 μο[υ]
849 2437 968 2478 babet,
993 2439 1034 2469 ut
1051 2437 1242 2469 Harl-isius.
1284 2436 1352 2468 Sed
1370 2436 1468 2478 apud
1483 2436 1646 2468 Milnium

20 2488 155 2534 «anihil
166 2492 323 2534 amplius
335 2492 512 2533 scriptum
527 2493 583 2524 est
595 2501 662 2524 uec
673 2493 781 2525 video
795 2503 868 2535 quo
882 2503 1084 2535 pronomen
1096 2494 1221 2526 referri
1238 2495 1365 2535 possit.
1460 2496 1480 2525 6
1505 2493 1646 2525 Aelium

18 2546 1648 2651 {1¹:⁸¹gefffprgelgecffirgnnKxgssimmiissseeaegggsjmuffiinze'deinssgtljavai‘tz⁴e13e⁷³ist131iliz

26 2652 103 2694 >fs-⁴8.
119 2661 314 2704 Athanasii,
339 2671 432 2704 quae
456 2664 639 2695 exstarent
655 2663 801 2704 Syriace
818 2672 944 2695 versae
969 2665 1005 2695 in
1030 2664 1155 2696 codice
1179 2664 1390 2696 monasterii
1406 2664 1439 2695 S.
1456 2663 1589 2695 Mariae
1612 2663 1648 2694 in

27 2713 41 2738 Τ·
68 2716 163 2751 valle
189 2717 315 2760 Nitriai,
347 2719 445 2752 unde
469 2729 489 2752 a
514 2720 693 2752 Curetone
717 2729 748 2751 a.
774 2721 863 2752 4848
888 2719 1004 2752 editae
1034 2722 1071 2752 et
1097 2730 1118 2752 a
1142 2721 1326 2753 Larsowio
1350 2729 1381 2752 a.
1407 2722 1495 2751 4852
1521 2727 1648 2751 versae

31 2770 34 2771 ⁷
70 2775 202 2807 matt.
245 2774 338 2808 Nam
365 2777 510 2809 illorum
540 2777 651 2809 trium
682 2786 861 2809 annorum
894 2777 1069 2818 epistulas
1099 2777 1198 2818 ipsas
1230 2776 1378 2818 quidem
1409 2775 1647 2817 intercidisse,

72 2829 137 2862 aad
159 2832 301 2864 exstare
322 2841 449 2865 earnm
473 2834 672 2867 summaria
698 2832 901 2876 (κεφάλαια),
933 2842 1027 2875 quae
1056 2833 1153 2865 illius
1177 2833 1348 2874 praefecti
1373 2842 1507 2865 nomen
1538 2833 1648 2866 habe-

35 2914 40 2918 ,
71 2887 152 2919 rent
175 2887 220 2929 (p.
239 2889 281 2921 45
305 2889 474 2923 ιι.ΧΙ.ΙΠ.
498 2891 615 2924 XLIV.
640 2891 732 2926 XLV
757 2900 814 2933 ap.
839 2891 1021 2928 Larsow.).
1070 2891 1132 2923 Illo
1164 2899 1250 2923 vero
1275 2892 1519 2932 cognomento
1551 2891 1649 2924 hunc
