1858 3126
186 105 271 146 664

232 240 348 278 αὐτοῖς
396 237 625 273 εὐσταθοῦσαν
665 238 728 284 τὴν
773 236 943 283 βασιλείαν

234 298 288 341 54,
309 303 348 331 19

185 351 442 400 εὐσχημοσύνη·
472 357 534 398 τῆς
563 364 599 386 τε
623 351 748 397 λοιπῆς
773 350 945 399 εὐσχημο-

232 411 335 457 σύνης
357 414 421 457 τῆς
453 410 540 445 κατὰ
568 410 607 444 τὸ
631 410 817 455 γυμνάσιον
850 408 945 443 ἀντε-

230 468 355 514 λάβετο
374 467 591 514 (προενοήθη)
611 467 688 511 339,
705 473 757 501 32.
777 475 830 501 77.
863 465 945 501 ἀπέ-

230 526 326 560 λιπεν
358 526 396 560 δὲ
423 526 481 560 ’καὶ
511 525 553 559 τὰ
577 525 661 570 πρὸς
684 521 943 571 εὐσχημοσύνην

231 585 281 630 τῷ
303 583 435 629 τεμένει
459 581 652 630 χρηστήρια
676 582 753 625 326,
773 589 812 615 30

183 641 370 689 εὐσχήμων
393 642 473 684 443,
493 649 523 676 7.
549 640 627 683 485,
647 647 677 674 3.
722 644 791 674 τῶν
823 637 945 673 ἐνθάδε

231 698 554 745 εὐσχημονεστάτων
585 698 662 741 669,
691 704 720 731 6.
773 695 946 743 εὐσχημό-

232 768 299 795 νως
324 756 402 799 329,
422 762 462 790 21

187 812 349 851 εὔτακτος
374 814 453 856 443,
473 821 490 847 9

186 869 339 910 εὐταξία·
364 875 426 916 τῆς
450 872 690 918 πραγματικῆς
706 868 765 902 καὶ
780 872 842 914 τῆς
858 866 947 902 κατὰ

231 927 289 961 τὸν
316 927 387 972 βίον
413 926 567 967 εὐταξίας
592 927 669 970 329,
690 934 720 961 8.
765 929 826 971 τῆς
851 924 947 959 εὐτα-

233 984 304 1025 ξίας
333 990 400 1019 τῶν
431 997 467 1019 τε
499 983 640 1030 ἐφήβων
670 983 730 1018 καὶ
755 987 824 1016 τῶν
859 982 947 1016 νέων

231 1041 432 1088 ἐπεμελήθη
474 1042 558 1086 339,
593 1049 646 1076 31.
703 1040 793 1075 ὅπλα
834 1039 945 1083 (ἆθλα)

231 1098 384 1139 εὐταξίας
409 1099 487 1142 339,
507 1105 547 1133 83

186 1156 339 1191 εὐτεκνία
363 1157 441 1200 468,
462 1164 478 1190 6

187 1214 342 1252 εὔτεκνος
369 1214 423 1257 53,
445 1221 462 1247 4

186 1270 347 1306 εὐτονέω·
375 1271 438 1305 οὐν.
455 1270 655 1315 εὐτονοῦμεν
672 1270 728 1304 τὸν
749 1268 868 1315 μισθὸν
885 1273 947 1314 τῆς

234 1328 417 1367 στατίωνος
433 1328 595 1375 παρέχειν
609 1328 687 1371 595,
701 1334 752 1361 10.
786 1327 835 1372 μὴ
853 1325 948 1360 εὐτο-

230 1390 302 1421 νεῖν
326 1387 384 1421 τὸν
411 1385 531 1431 μισθὸν
555 1390 617 1432 τῆς
642 1384 821 1422 στατίωνος
845 1383 947 1431 παρέ-

231 1456 304 1491 χειν
330 1445 408 1487 595,
427 1450 468 1478 25

187 1499 338 1538 εὔτονος·
363 1499 509 1546 Χλῶρος
535 1496 567 1534 δ’
593 1499 822 1536 εὐτονώτατος
845 1497 887 1542 ἦν
905 1497 948 1532 τὰ

233 1554 418 1603 Ῥωμαϊκὰ
441 1557 625 1604 προτείνων
651 1557 728 1599 315,
749 1563 789 1590 52

188 1614 384 1663 εὐτύχημα·
402 1614 431 1647 εἰ
451 1615 499 1660 μὴ
517 1614 555 1648 τὸ
567 1614 680 1648 κοινὸν
698 1613 833 1647 πάντων
852 1611 947 1646 εὐτύ-

231 1684 334 1719 χημα
357 1670 568 1717 ἐπεγεννήθη
594 1668 731 1718 Καῖσαρ
755 1669 834 1713 458,
855 1677 872 1704 8

187 1729 349 1776 εὐτυχής·
381 1728 558 1774 δυνάμεως
588 1727 751 1776 εὐτυχοῦς
775 1727 833 1761 καὶ
860 1726 948 1773 χρή-

234 1799 319 1825 σεως
355 1789 569 1832 μακαριστῆς
606 1786 684 1830 383,
720 1793 772 1820 15.
829 1785 864 1819 ἐν
904 1785 948 1832 τῇ

235 1843 464 1891 εὐτυχεστάτῃ
479 1842 589 1877 αὐτῶν
603 1842 813 1889 δεκαετηρίδι
825 1843 904 1886 722,
917 1850 946 1876 6.

234 1901 319 1946 ἐμοῦ
337 1900 455 1947 γένους
473 1899 677 1948 ἐτυχεστάτη
706 1900 779 1947 ῥίζα
796 1901 874 1943 383,
895 1908 947 1935 30.

234 1958 387 2006 εὐτυχῶς
417 1958 495 2001 520,
520 1965 572 1992 15.
619 1956 771 2005 εὐτυχῶς
799 1956 858 1991 καὶ
891 1957 947 1991 ἐπ’

235 2014 356 2060 ἀγαθῷ
378 2016 455 2058 713,
477 2023 491 2048 1

189 2071 344 2117 εὐφημία
369 2072 447 2114 222,
468 2079 498 2105 3.
539 2071 719 2118 περιτιθεὶς
741 2071 803 2115 τὴν
823 2070 862 2105 ἐκ
878 2077 946 2105 τῶν

233 2127 336 2168 ξένων
361 2127 532 2174 εὐφημίαν
555 2128 599 2176 τῇ
624 2127 757 2175 πατρίδι
785 2128 862 2171 339,
882 2135 922 2163 30

188 2184 374 2232 εὐφραίνω·
406 2184 570 2230 εὐφρᾶναι
601 2182 688 2229 ὑμᾶς
719 2184 949 2230 ἐνδειξάμενοι

233 2243 276 2288 ἣν
294 2242 378 2288 πρὸς
394 2241 495 2276 αὐτὸν
513 2240 643 2276 εὔνοιαν
665 2242 790 2290 ἔχομεν
808 2244 886 2286 504,
907 2250 945 2276 10

186 2299 395 2348 εὐχαριστέω
407 2310 414 2318 ·
432 2298 642 2347 εὐχαριστεῖν
658 2299 736 2343 458,
757 2307 808 2334 17.
847 2298 948 2346 εὐχα-

236 2363 355 2404 ριστῶν
381 2358 460 2400 234,
481 2364 535 2392 2ο.
560 2358 709 2401 589,11.
748 2355 948 2403 εὐχαριστή-

235 2426 347 2448 σουσιν
382 2416 457 2459 352,
485 2423 537 2450 58.
590 2413 835 2461 εὐχαριστήσας
868 2413 946 2456 323,

239 2480 290 2507 14.
329 2472 406 2515 717,
428 2480 457 2506 3.
478 2479 530 2506 13.
594 2470 834 2517 εὐχαριστῆσαι
867 2470 946 2513 456,

239 2537 291 2564 54.
311 2536 364 2564 63.
395 2533 558 2574 τιμῶντες
574 2527 652 2565 τοὺς
669 2526 947 2573 εὐχαριστοῦντας

237 2588 314 2630 730,
336 2594 375 2620 11

188 2643 445 2692 εὐχαριστήριον
471 2643 549 2686 699,
569 2648 586 2676 2

187 2700 384 2748 εὐχαριστία
403 2700 542 2744 199,31.
560 2700 637 2742 223,
649 2706 679 2733 7.
698 2698 810 2742 227,6.
828 2698 947 2741 339,9.

236 2759 314 2802 456,
334 2765 387 2792 34.
413 2758 490 2801 562,
508 2765 558 2792 1ο.
576 2757 655 2799 632,
670 2763 700 2790 4.
719 2757 796 2798 643,
814 2763 843 2790 8.
869 2755 946 2798 763,

238 2822 291 2855 22,
312 2822 363 2849 32.
405 2813 620 2862 εὐχαριστίας
646 2812 756 2847 ἕνεκεν
783 2813 860 2855 587,
876 2819 892 2846 9

190 2870 404 2920 εὐχάριστος·
435 2871 491 2906 ἵνα
518 2874 598 2905 πᾶσι
629 2871 771 2919 φανερὸς
795 2865 820 2918 ᾗ
844 2870 860 2904 ὁ
886 2869 947 2915 δῆ·

903 100 1055 134 Indices.

1063 250 1127 283 μος
1163 237 1362 286 εὐχάριστος
1392 239 1439 273 ὥν
1473 240 1552 283 267,
1579 246 1632 274 36.
1685 238 1775 285 ὑμᾶς
1845 238 1854 247 ”

1063 295 1267 340 ἐπαινοῦμεν
1315 294 1535 343 εὐχαρίστους
1582 295 1681 336 ὄντας
1729 296 1774 344 ἐμ
1841 341 1843 343 ¹

1062 356 1161 386 πᾶσιν
1186 352 1265 396 223,
1286 359 1336 387 14.
1381 354 1430 399 τῷ
1457 350 1600 398 θεωρεῖν
1631 354 1689 388 τὸν
1714 353 1776 400 δῆ-

1063 422 1127 455 μον
1162 408 1360 456 εὐχάριστον
1395 409 1477 444 ὄντα
1508 410 1586 455 339,
1617 418 1670 447 60.
1722 409 1770 447 ἵν’
1845 432 1847 434 -

1062 466 1137 515 εἰδῇ
1162 466 1204 512 ἣν
1230 466 1376 515 ἔσχηκεν
1401 467 1484 515 πρὸς
1508 467 1610 503 αὐτὸν
1633 467 1658 514 ἡ
1675 469 1776 508 πόλις
1839 478 1849 502 f

1062 524 1261 572 εὐχάριστον
1293 523 1480 572 ἀπάντησιν
1510 525 1589 570 737,
1613 532 1666 561 2⁴.
1714 539 1777 574 τη-

1063 582 1211 627 ρούντων
1236 582 1274 616 τὸ
1299 582 1428 628 πρέπον
1444 582 1502 617 καὶ
1517 582 1555 617 τὸ
1573 583 1657 629 πρὸς
1674 582 1775 618 αὐτὸν
1840 602 1842 607 =

1061 639 1260 687 εὐχάριστον
1286 640 1364 683 764,
1384 646 1426 673 35

1015 695 1191 743 εὐχέρεια·
1216 696 1294 730 ὁδὸν
1318 716 1365 721 -
1387 696 1474 741 πρὸς
1497 696 1672 745 εὐχέρειαν
1690 697 1777 732 ὡδο-

1062 753 1253 800 ποιημένην
1281 755 1357 798 175,
1377 762 1394 789 9

979 792 984 850 Ι
1016 810 1178 858 εὐχερής·
1209 811 1450 858 εὐχερεστέρας
1482 810 1586 857 οὔσης
1614 816 1676 858 τῆς
1707 811 1778 847 λοι·
1843 822 1854 855 ζ

1063 872 1132 913 πῆς
1153 869 1381 915 πραγματείας
1407 871 1438 913 5,
1457 876 1511 904 35.
1531 876 1584 904 36.
1624 868 1778 917 εὐχερῶς
1834 883 1839 901 1

1064 927 1142 969 267,
1163 933 1215 960 14.
1240 927 1318 970 669,
1338 934 1376 961 47
1836 950 1845 973 5.

1019 981 1105 1030 εὐχή
1137 983 1215 1027 383,
1241 989 1319 1018 232.
1351 985 1429 1027 570,
1459 991 1488 1019 3.
1529 982 1635 1030 εὐχήν
1664 984 1721 1028 69,
1745 991 1778 1018 8.
1834 996 1838 1003 ²

1065 1041 1143 1084 330,
1163 1048 1192 1075 6.
1218 1042 1296 1084 550,
1315 1048 1346 1075 4.
1372 1041 1451 1084 655,
1470 1048 1500 1075 7.
1527 1041 1605 1084 716,
1624 1048 1655 1075 5.
1698 1037 1777 1075 κατ’
1834 1055 1845 1080 5

1064 1097 1170 1145 εὐχήν
1187 1098 1266 1141 418,
1285 1105 1315 1132 3.
1340 1099 1419 1142 523,
1439 1105 1469 1132 1.
1494 1098 1572 1141 620,
1592 1105 1622 1133 8.
1647 1097 1726 1142 628,
1747 1104 1778 1132 2.
1840 1099 1854 1138 ᾗ,

1065 1154 1172 1202 εὐχῆς
1184 1155 1284 1201 χάριν
1303 1156 1380 1199 577,
1392 1162 1423 1189 6.
1457 1154 1556 1202 εὐχαί
1571 1155 1650 1198 219,
1663 1161 1778 1189 17.28.
1831 1170 1843 1196 g

1065 1212 1143 1256 233,
1163 1219 1216 1246 17.
1255 1212 1344 1247 κατὰ
1366 1212 1426 1250 τὰς
1449 1211 1568 1250 κοινὰς
1583 1217 1646 1259 τῆς
1663 1211 1778 1247 οἰιου-
1835 1217 1845 1255 J

1067 1268 1171 1316 μένης
1196 1268 1299 1316 εὐχάς
1322 1270 1402 1314 493,
1422 1277 1461 1304 17
1837 1289 1840 1290 ’

1018 1324 1167 1373 εὔχομαι
1184 1327 1350 1370 383,227.
1383 1324 1555 1372 ἐρρῶσθαι
1571 1325 1661 1372 ὑμᾶς
1677 1325 1780 1375 εὐχο-
1833 1346 1837 1350 -

1066 1395 1128 1429 μαι
1167 1384 1247 1428 493,
1281 1391 1335 1418 56.
1376 1384 1462 1427 502,
1499 1389 1551 1417 20.
1834 1424 1841 1430 τ

1066 1441 1144 1484 332,
1161 1447 1213 1475 29.
1237 1441 1314 1484 507,
1331 1447 1383 1475 12.
1416 1438 1576 1480 εὔξασθαι
1591 1441 1637 1488 τῇ
1651 1437 1777 1487 Ἀθηνᾷ
1829 1447 1839 1479 j

1063 1497 1106 1543 τῇ
1130 1496 1246 1532 Ἰλιάδι
1271 1498 1348 1541 219,
1367 1503 1421 1532 20.
1463 1495 1623 1537 εὔξασθαι
1653 1496 1691 1531 δὲ
1719 1497 1780 1532 καὶ
1837 1488 1841 1537 j

1063 1554 1142 1592 τοὺς
1173 1553 1300 1593 ἄλλους
1335 1554 1435 1601 ἱερεῖς
1467 1555 1545 1598 219,
1569 1560 1622 1589 25.
1667 1554 1710 1589 τὰ
1739 1553 1778 1588 δὲ
1827 1575 1851 1598 ;

1063 1612 1133 1659 ἷρα,
1156 1612 1199 1647 τὰ
1223 1612 1240 1646 ὀ
1267 1612 1375 1657 δᾶμος
1394 1609 1513 1651 εὔξατο
1538 1612 1570 1656 2,
1589 1618 1644 1646 44.
1683 1610 1779 1651 εὐξά-
1832 1623 1852 1646 J.

1066 1682 1166 1715 μενος
1191 1671 1270 1713 378,
1289 1677 1306 1703 7

1018 1727 1204 1776 εὐχρηστία
1226 1728 1306 1771 458,
1325 1733 1365 1760 25

1018 1784 1142 1819 εὐωνία
1164 1790 1232 1819 τῶν
1258 1782 1460 1830 ἐπιτηδείων
1488 1784 1564 1827 194,
1585 1790 1625 1818 13
1846 1816 1852 1828 ,7

1018 1841 1233 1889 εὐωχέομαι·
1281 1840 1519 1888 εὐωχούμενος
1567 1840 1650 1883 383,
1701 1846 1777 1874 157.

1064 1897 1255 1945 εὐωχηθεὶς
1280 1897 1336 1932 ἐπὶ
1358 1901 1418 1932 τοῦ
1441 1893 1581 1945 Ἡραίου
1607 1897 1684 1939 168,
1705 1903 1743 1931 11
1842 1887 1844 1892 ’

1019 1955 1148 2001 εὐωχία
1172 1955 1250 1998 383,
1270 1962 1322 1988 91.
1364 1954 1420 1988 ἐπὶ
1441 1959 1509 1988 τῶν
1533 1956 1593 1988 τοῦ
1621 1952 1778 1987 πολιτεύ-
1835 1938 1849 1983 Ἲῑὲ

1066 2024 1171 2057 ματος
1196 2011 1349 2058 εὐωχιῶν
1376 2011 1452 2054 737,
1474 2017 1512 2044 19

1019 2067 1262 2115 ἐφεδρεύοντας
1287 2068 1365 2111 484,
1386 2075 1426 2101 59

1018 2125 1182 2172 ἐφελιόω·
1224 2124 1302 2170 βοῦς
1342 2124 1485 2163 λευκοὺς
1524 2122 1776 2170 ἐφελιωμένους
1851 2120 1855 2163 ]

1065 2184 1144 2226 456,
1163 2188 1203 2215 22
1837 2177 1840 2178 ’

1018 2238 1171 2285 ἐφέλκω·
1205 2238 1302 2274 οὐδὲν
1329 2238 1561 2286 ὲφελτιομένου
1590 2243 1659 2272 τῶν
1685 2237 1778 2272 ἰδιω-
1831 2254 1846 2263 ν

1064 2302 1168 2331 τικῶν
1194 2297 1271 2341 329,
1293 2304 1331 2330 10
1843 2337 1846 2340 ψ

1019 2353 1160 2400 ἐφεξῆς·
1195 2354 1252 2388 τὸν
1276 2353 1453 2400 λουτρῶνα
1483 2352 1620 2387 καὶτὸν
1653 2351 1777 2398 ἐφεξῆς
1830 2345 1844 2373 '²²

1065 2410 1158 2446 οἶκον
1185 2412 1262 2456 339,
1283 2419 1323 2446 33
1828 2402 1831 2403 ⁷

1019 2467 1219 2516 ἐφήβαρχος
1260 2469 1346 2512 339,
1381 2474 1434 2502 42.

1496 2466 1775 2514 ἐφηβαρχοῡντος
1819 2468 1824 2490 ²

1066 2526 1143 2569 583,
1164 2533 1203 2560 10
1819 2530 1822 2531 ’

1019 2582 1196 2628 ἐφηβεύω·
1214 2582 1246 2616 Οἱ
1263 2581 1510 2628 ἐφηβεύσαντες
1527 2581 1604 2624 343,
1620 2587 1649 2615 3.
1691 2578 1777 2626 ἐφη-
1823 2582 1847 2618 ῥ’

1066 2639 1236 2684 βευκότων
1271 2640 1347 2683 176,
1367 2646 1397 2673 6.
1423 2639 1501 2682 668,
1522 2644 1574 2672 12.
1621 2635 1777 2683 ήφηβευ-
1823 2633 1827 2648 ³

1064 2696 1174 2730 ’κότων
1202 2697 1277 2740 178,
1297 2705 1314 2730 5
1826 2695 1843 2739 7⁷,

1018 2752 1163 2799 ἔφηβος·
1189 2753 1314 2800 ἔφηβοι
1333 2753 1410 2796 339,
1430 2759 1483 2787 31.
1503 2758 1556 2786 36.
1575 2758 1630 2784 41.
1648 2758 1701 2785 76.
1721 2757 1774 2784 79.

1067 2817 1119 2846 82.
1140 2819 1191 2846 95.
1219 2811 1296 2854 764,
1316 2817 1345 2844 7.
1366 2816 1418 2843 27.
1438 2815 1490 2843 31.
1511 2815 1564 2843 49.
1611 2807 1667 2842 τὸν
1691 2818 1777 2853 γυμ-
1840 2813 1854 2829 2³

1063 2868 1244 2915 νασίαρχον
1270 2866 1355 2913 μετὰ
1377 2871 1450 2907 τῶν,
1469 2864 1609 2911 ἐφήβων
1635 2864 1712 2908 332,
1732 2870 1773 2898 35

1615 1382 1779 1430 εὔχεσθαι
1839 1399 1854 1408 ·>
