1858 3126
181 172 263 213 398
361 171 450 203 Vlll.
486 171 634 213 Imperii
658 171 812 204 Romani
837 172 1044 214 provinciae
1070 171 1272 204 orientales.
1322 174 1353 204 9.
1378 171 1576 216 Aegyptus.
1685 172 1764 216 [669

195 309 221 360 ξ
241 309 264 348 5
296 306 542 362 τηρουμένης
574 306 706 354 αὐτοῖς
736 311 807 363 τῆς
839 307 1021 354 ἀτελείας
1047 307 1114 349 καὶ
1136 308 1432 363 κουφοτελείας.
1466 332 1522 338 -
1553 306 1649 364 ὑπὲρ
1683 307 1726 350 δὲ
1755 308 1767 365 ΙΙ

226 386 269 418 30
295 377 372 416 τῶν
412 376 458 417 ἐκ
493 377 564 416 τοῦ
603 373 811 432 Καίσαρος
851 377 1017 431 λόγου-Ἥ
1051 375 1407 432 ττρα<χ>θέντων58
1442 377 1483 418 ἐν
1522 379 1596 418 τῶι
1641 376 1768 432 μέσωι

295 443 461 499 χρόνωι,
498 443 589 499 περὶ
629 445 683 486 ὧν
721 445 937 501 ἐκφόρια59
972 444 1269 501 κατεκρίθη<ι>,
1306 446 1360 492 ὡς
1401 443 1643 500 Οὐηστεῖνος
1679 445 1768 487 ἐκέ-

297 513 435 553 λευσεν
466 509 516 553 τὰ
548 512 781 568 καθήκοντα
816 513 1082 567 τελεῖσθαιθθ,
1122 512 1191 554 καὶ
1223 512 1352 568 αὐΙτὸς
1381 511 1531 569 ἵστημι,
1572 513 1768 555 ἀπολελυ-

276 641 317 671 57
346 633 381 672 Ὁ
408 636 579 684 Καίσαρος
603 637 704 683 λόγος
737 639 832 671 idem
866 640 922 671 est
945 648 987 671 ac
1020 648 1130 681 supra
1157 637 1173 671 ὁ
1198 638 1360 682 mptum:
1385 637 1495 683 λόγος.
1545 639 1595 672 cf.
1621 641 1694 672 not.
1714 641 1766 671 3¹..

184 699 225 727 58
259 697 566 729 ΠΡΑΧΘΕΝΤωΝ
594 696 695 738 lapis,
721 696 783 728 sed
800 694 998 740 πραθέντων
1024 696 1291 728 emendandum
1309 705 1389 728 esse
1406 696 1591 738 perspexit
1607 695 1766 736 Rudorff,

183 761 292 794 quem
317 755 464 785 secutus
489 755 544 785 est
568 753 730 785 Wilcken
755 753 889 785 Archiv
907 753 964 785 fiir
981 753 1373 795 Papyrusforschungl
1398 761 1434 795 p.
1453 755 1531 786 ⁴⁴8.
1571 752 1637 785 Hic
1661 753 1768 786 aliam

184 819 259 841 rem
286 811 383 851 tangi
409 819 450 842 ac
475 810 643 842 versibus
668 811 834 851 proxime
867 810 1117 852 superioribus
1143 810 1375 842 manifestum
1401 811 1466 852 est,
1498 809 1562 843 sed
1593 809 1768 852 quidnam

183 867 402 899 discriminis
419 867 618 899 intercedat
635 866 807 908 ambigas.
848 867 986 899 Poteris
1006 867 1101 899 enim
1126 876 1170 899 ex
1195 865 1230 899 ἐν
1255 866 1304 911 τῷ
1329 865 1422 910 μέσῳ
1447 865 1562 912 χρόνῳ
1589 867 1768 908 colligere,

183 925 360 965 quantum
391 924 539 965 quidem
572 925 616 956 ad
647 927 782 956 terram
813 925 1059 966 quaestoriam
1092 922 1272 967 (προσόδου
1305 924 1379 968 γῆς)
1411 925 1550 966 spectet
1581 923 1669 956 nihil
1699 924 1768 956 nisi

183 981 362 1023 temporis
393 981 588 1013 discrimen
619 981 854 1023 intercedere,
891 990 974 1013 cum
1009 990 1042 1013 v,
1067 983 1120 1013 27.
1147 983 1189 1012 28
1223 980 1267 1013 de
1300 981 1352 1013 eis
1386 981 1527 1013 dicatur
1551 989 1645 1023 quae
1675 982 1770 1013 inter

183 1038 298 1070 Flacci
321 1038 497 1070 iudicium
523 1039 629 1079 (intra
645 1047 824 1070 annorum
845 1040 978 1069 32-38
998 1037 1168 1079 spatium)
1194 1039 1230 1069 et
1247 1037 1384 1070 Claudii
1402 1038 1553 1079 Augusti
1572 1038 1618 1070 ad
1643 1038 1770 1071 Postu-

183 1104 286 1127 mum
319 1096 539 1137 rescriptum
565 1096 617 1135 (47
644 1103 678 1136 p.
703 1095 795 1135 Chr.)
833 1096 932 1136 gesta
963 1095 1094 1136 essent,
1131 1104 1165 1126 v.
1191 1096 1233 1126 29
1248 1102 1327 1136 sqq.
1365 1102 1453 1126 vero
1491 1094 1535 1127 de
1566 1095 1770 1136 posteriore

184 1154 315 1193 aetate;
343 1152 407 1184 sed
430 1154 507 1184 tum
534 1152 642 1184 etiam
669 1151 871 1184 iudicatum
889 1159 969 1183 esse
994 1151 1064 1183 illis
1089 1160 1162 1183 non
1189 1149 1375 1194 προσοδικά
1399 1151 1520 1193 modo,
1545 1151 1608 1184 sed
1633 1152 1771 1193 integra

183 1207 327 1253 ἐκφόρια
357 1208 545 1250 pendenda
578 1217 668 1250 esse,
702 1209 780 1250 ipsa
806 1208 997 1241 Alexandri
1031 1208 1234 1241 narratione
1265 1209 1476 1250 neutiquam
1507 1208 1696 1250 probabile
1718 1209 1771 1241 fit.

184 1266 261 1304 Qua
287 1266 330 1298 de
356 1274 464 1298 causa
490 1267 611 1298 nescio
637 1275 681 1298 an
707 1266 751 1298 de
776 1266 846 1298 alio
873 1266 998 1307 potius
1023 1274 1152 1306 genere
1183 1266 1316 1307 negotii
1347 1265 1407 1298 hic
1436 1265 1587 1298 dicatur.
1627 1265 1768 1298 Etenim

184 1332 414 1365 nequaquam
446 1323 655 1356 incredibile
680 1325 735 1356 est
760 1323 952 1365 aliquando
978 1322 1111 1355 fundos
1137 1323 1199 1364 qui
1223 1322 1400 1364 principis
1424 1324 1545 1355 essent
1573 1331 1615 1356 ea
1647 1322 1771 1356 condi-

184 1381 287 1413 cione
311 1380 553 1413 venumdatos
586 1389 676 1422 esse,
709 1382 749 1413 ut
780 1382 897 1412 emtor
921 1380 1070 1422 plenum
1095 1382 1205 1421 atque
1237 1379 1445 1412 absolutum
1476 1380 1679 1413 dominium
1713 1388 1771 1412 ac-

185 1438 356 1479 quireret.
404 1438 514 1479 Atqui
547 1446 630 1470 cum
662 1438 698 1469 in
729 1438 918 1479 superiore
949 1437 1174 1479 paragrapho
1208 1435 1420 1481 προσοδωιῶν
1459 1436 1603 1469 definite
1633 1437 1770 1470 mentio

185 1494 256 1534 fiat,
281 1495 301 1534 ἓ
321 1498 339 1526 5
364 1495 452 1527 nihil
477 1495 617 1536 legitur,
651 1495 750 1536 quod
780 1495 985 1527 necessario
1021 1493 1065 1527 ad
1098 1496 1217 1526 terrae
1241 1493 1470 1535 quaestoriae
1501 1494 1559 1526 ius
1583 1495 1620 1527 et
1643 1494 1771 1526 condi-

185 1552 326 1583 cionem
360 1552 585 1584 referendum
619 1553 675 1584 sit.
725 1552 841 1584 Immo
873 1548 1070 1596 πραθέντων
1104 1561 1138 1584 v.
1166 1553 1218 1592 30,
1255 1549 1496 1594 ὠνησαμένους
1523 1549 1684 1595 κτήματα
1713 1550 1771 1584 καὶ

184 1607 284 1651 τιμὰς
301 1606 413 1641 αὐτῶν
432 1607 622 1646 ἀποδόντας
646 1618 680 1641 ν.
700 1611 753 1640 32.
773 1611 826 1651 33,
851 1612 918 1641 τῶν
938 1606 1029 1641 ἰδίων
1047 1607 1182 1653 ἐδαφῶν
1208 1617 1243 1640 v.
1262 1610 1303 1639 33
1328 1608 1415 1640 nihil
1439 1608 1509 1640 nisi
1526 1607 1673 1650 volgare
1695 1617 1771 1640 em-

185 1666 293 1698 tionis
319 1665 536 1698 venditionis
562 1666 747 1707 negotium
765 1665 932 1697 indicant.
974 1664 1053 1697 Non
1078 1673 1181 1706 nego,
1205 1664 1294 1696 haec
1314 1665 1423 1696 etiam
1449 1664 1493 1697 de
1515 1662 1683 1707 προσόδου
1707 1667 1771 1710 γῆς

186 1723 263 1754 iure
290 1723 445 1763 intellegi
471 1731 581 1764 posse
607 1723 692 1763 (not.
712 1723 777 1763 63),
804 1723 833 1754 si
859 1722 1002 1754 aliunde
1026 1723 1220 1763 constaret,
1247 1721 1291 1754 de
1316 1730 1358 1754 ea
1381 1722 1440 1754 hic
1457 1720 1570 1754 verba
1593 1721 1681 1763 fieri,
1707 1720 1772 1753 sed

186 1788 270 1812 cum
297 1780 332 1812 id
358 1789 428 1812 non
454 1780 504 1812 ita
529 1780 586 1820 sit,
611 1788 682 1812 non
707 1781 761 1811 est
778 1788 844 1811 cur
868 1789 888 1811 a
913 1779 1182 1820 simplicissima
1201 1779 1512 1820 interpretationis
1530 1779 1589 1811 via
1604 1778 1772 1811 deflecta-

188 1845 280 1869 mus.
400 1839 442 1869 59
474 1836 549 1869 Hoc
566 1836 787 1870 vocabulum
805 1836 936 1878 legitur
951 1835 1051 1877 apud
1068 1835 1432 1868 Pseudoaristotelem
1451 1835 1642 1868 Oeconom.
1658 1835 1767 1877 11,4‚⁴

186 1903 220 1936 p.
240 1895 328 1926 ⁴345
344 1893 378 1935 b,
398 1896 439 1925 33
473 1892 583 1926 αὐτῶν
611 1892 648 1926 δὲ
671 1891 797 1927 τούτων
824 1894 901 1934 (τῶν
927 1890 1114 1938 προσόδων)
1149 1893 1267 1938 πρώτη
1293 1890 1355 1935 μὲν
1385 1890 1444 1924 ’καὶ
1466 1889 1631 1936 κρατίστη
1654 1889 1678 1935 ἡ
1703 1889 1771 1924 ἀπὸ

186 1954 248 1994 τῆς
274 1954 336 1996 γῆς
361 1969 399 1977 —-
429 1948 516 1995 αὕτη
543 1946 566 1983 δ’
588 1949 675 1984 ἐστὶν
700 1949 742 1994 ἣν
768 1949 801 1983 οὶ
827 1950 886 1993 μὲν
913 1948 1071 1995 ἐκφόριον
1097 1948 1129 1982 οἱ
1154 1948 1191 1982 δὲ
1225 1947 1370 1994 δεκάτην
1395 1947 1699 1994 προσαγορεύουσιν
1723 1965 1771 1972 -

187 2007 325 2050 δευτέρα
355 2007 378 2051 ἡ
412 2007 478 2040 ἀπὸ
510 2012 577 2041 τῶν
611 2006 705 2041 ἰδίων
736 2007 895 2053 γινομένη
926 2005 1000 2040 κτλ.
1047 2006 1101 2039 lbi
1139 2015 1225 2039 cum
1264 2005 1456 2039 manifesto
1487 2005 1642 2047 vectigal
1671 2005 1770 2047 quod

189 2065 326 2096 domini
353 2074 525 2106 agrorum
557 2066 695 2098 aerario
726 2064 873 2107 publico
906 2063 1066 2106 pendant
1102 2064 1340 2105 intellegatur,
1377 2063 1517 2104 priores
1553 2063 1769 2104 interpretes

187 2121 273 2153 huic
302 2130 449 2163 quoque
478 2121 585 2154 edicti
619 2122 697 2154 loco
731 2121 880 2153 eandem
907 2121 1241 2162 interpretationem
1266 2118 1507 2152 adhibendam
1539 2119 1770 2151 existimave—

188 2179 283 2210 runt.
332 2178 400 2210 Sed
424 2178 494 2210 hoc
519 2178 805 2210 luculentissime
829 2178 1000 2210 refutavit
1025 2177 1060 2209 U.
1077 2177 1240 2209 Wilcken
1267 2176 1324 2208 Gr.
1343 2175 1492 2208 Ostraka
1518 2176 1532 2207 l
1556 2184 1591 2217 p.
1611 2178 1675 2208 ⁴85
1689 2183 1768 2217 sqq.

189 2235 525 2276 demonstravitque
549 2235 753 2266 mercedem
778 2235 899 2275 potius
931 2239 1091 2266 ‘annuam
1116 2232 1219 2265 fundi
1263 2233 1380 2274 locati,
1423 2241 1532 2274 quam
1570 2231 1772 2266 conductor

189 2290 360 2337 (γεωργός)
386 2291 532 2323 domino
550 2291 626 2332 agri
643 2288 850 2334 (κληρούχῳ,
876 2288 1019 2335 γεούχῳ)
1043 2289 1226 2331 penderet,
1252 2288 1389 2330 ubique
1405 2289 1440 2321 in
1459 2289 1582 2330 titulis,
1608 2289 1769 2331 papyris,

189 2349 291 2381 testis
316 2349 502 2390 Aegyptiis
526 2349 597 2381 hoc
621 2348 766 2380 nomine
791 2346 993 2388 significari.
1035 2346 1114 2384 Qua
1139 2347 1175 2378 in
1192 2345 1436 2388 disputatione
1460 2346 1519 2378 hic
1542 2345 1652 2378 edicti
1665 2345 1770 2378 locus

190 2405 287 2438 haud
311 2406 431 2447 exigui
464 2404 637 2438 momenti
669 2405 734 2436 est.
782 2403 922 2435 Etenim
953 2411 1025 2444 quo
1058 2404 1165 2444 pacto
1196 2403 1299 2444 queri
1331 2403 1514 2445 quispiam
1546 2403 1698 2444 poterat,
1731 2410 1770 2435 se

190 2463 276 2504 agri,
302 2463 365 2503 qui
383 2471 471 2494 suus
488 2463 594 2503 esset,
619 2460 772 2502 vectigal
793 2459 949 2502 pendere
968 2459 1047 2500 cogi
1068 2459 1294 2500 iniquissime
1320 2459 1364 2499 (v.
1383 2461 1437 2492 32.
1457 2459 1522 2501 33),
1546 2467 1632 2491 cum
1648 2460 1770 2491 tamen

189 2519 258 2551 hoc
289 2519 440 2560 vectigal
473 2520 619 2551 omnino
653 2517 822 2550 omnibus
855 2525 1023 2557 agrorum
1058 2515 1213 2548 dominis
1245 2516 1458 2558 impositum
1497 2513 1619 2548 esset?
1665 2514 1770 2553 Quod

190 2576 315 2607 eontra
340 2575 439 2607 fundi
465 2584 574 2617 quem
600 2583 666 2607 suo
692 2582 773 2607 aere
797 2574 933 2605 emerat
957 2572 1145 2605 dominum
1172 2574 1343 2614 tanquam
1377 2573 1408 2604 si
1438 2571 1644 2604 conductor
1674 2572 1771 2604 esset

190 2632 395 2664 mercedem
420 2632 505 2664 dare
530 2641 727 2673 sanequam
752 2631 925 2663 iniustum
951 2631 1060 2670 atque
1084 2629 1270 2670 indignum
1296 2631 1382 2662 erat.
1432 2630 1522 2661 Item
1546 2636 1591 2661 ex
1621 2628 1769 2670 papyris

190 2693 402 2731 argumenta
426 2690 462 2721 in
487 2698 566 2722 eam
599 2698 675 2721 rem
701 2688 822 2721 attulit
844 2687 900 2720 W.
925 2695 997 2719 non
1028 2686 1148 2718 minus
1181 2686 1304 2731 gravia
1336 2687 1372 2718 et
1401 2685 1446 2718 ad
1476 2684 1769 2727 persuadendum

192 2746 476 2779 accommodata.
611 2749 650 2777 60
685 2747 710 2778 I.
734 2754 764 2778 e.
797 2744 910 2777 nihil
940 2743 1065 2776 aliud
1097 2743 1215 2785 pendi,
1250 2744 1319 2776 nisi
1350 2752 1392 2775 ea
1424 2750 1517 2784 quae
1546 2742 1706 2783 legitima
1734 2743 1771 2774 et

191 2804 286 2836 iusta
312 2805 393 2836 sint.
434 2803 487 2835 Ad
512 2801 700 2846 προσοδικά
725 2802 813 2834 haec
830 2801 968 2834 rettulit
983 2800 1157 2840 Wilcken‚
1182 2799 1246 2832 sed
1271 2801 1301 2832 si
1325 2800 1384 2832 hic
1401 2808 1472 2832 non
1496 2798 1541 2831 de
1557 2807 1643 2840 agro
1660 2807 1769 2840 quae-

192 2862 315 2902 storio,
350 2860 414 2893 sed
438 2860 482 2892 de
506 2869 548 2892 eo
575 2860 716 2901 dicitur,
747 2859 811 2901 qui
835 2859 872 2891 in
896 2858 1001 2900 pleno
1026 2859 1062 2889 et
1085 2856 1252 2889 absoluto
1279 2856 1430 2889 emtoris
1454 2855 1616 2888 dominio
1642 2855 1690 2888 sit
1714 2854 1768 2896 (ci.

193 2920 266 2951 not.
290 2918 355 2959 58),
388 2918 508 2958 potius
540 2917 583 2949 de
621 2915 858 2957 vectigalibus
896 2913 1066 2947 omnibus
1100 2922 1271 2954 agrorum
1310 2913 1465 2946 dominis
1501 2911 1691 2954 impositis,
1728 2919 1770 2944 ac
