1858 3126
151 126 236 168 204
365 126 454 158 VIII.
491 125 638 168 Imperii
661 124 811 158 Romani
834 124 1043 167 provinciae
1067 125 1268 158 orientales.
1319 128 1348 158 3.
1374 125 1519 160 Galatia.
1648 124 1725 172 [588

257 260 448 319 Ἀμύντας
479 260 868 309 ΓαιζατοδιάστουΙθ
903 262 1164 318 δημοθοινίας
1197 261 1202 319 Ι
1235 260 1292 311 δὶς
1329 262 1469 318 ἔδωκε,
1509 264 1725 321 ἑκατόνβην

192 343 236 377 30
262 331 418 387 ἔθυσεν,
440 332 540 379 θέας
564 331 569 388 Ι
591 331 752 386 ἔδωκεν,
778 332 1049 389 σειτομετρίαν
1070 330 1218 374 ἔδωκεν
1245 331 1257 388 ΙΙ
1284 329 1363 374 ἀνὰ
1384 332 1499 375 πέντε
1521 332 1692 389 μοδίους.
1719 332 1723 390 Ι

265 426 408 432 ------
415 400 501 449 είας
532 401 752 457 Διογνήτου
783 402 1058 457 [δημοθοινίαν
1088 400 1247 456 ἔδωκε]
1278 400 1283 457 Ι

261 467 455 527 Ἀλβιόριξ
483 467 752 527 Ἀτεπόρειγος
768 472 802 499 1⁷
831 469 873 512 τὸ
907 470 1088 526 δεύτερον
1122 469 1126 526 Ι
1189 471 1451 526 δημοθοινίαν
1481 470 1643 514 ἔδωκεν.
1679 470 1684 528 Ι

695 553 795 598 Ἐπὶ
834 557 1136 613 Φρόντωνος.
1169 556 1180 613 ΙΙ

199 641 242 675 35
271 629 546 687 Μητρόδωρος
578 629 841 688 Μενεμάχου,
874 631 994 688 φύσει
1024 630 1068 673 δὲ
1102 631 1106 686 Ι
1140 630 1433 688 [Δο]ρυλάου18,
1467 631 1727 687 δημοθοινίαν

265 700 427 754 ἔδωκεν,
462 706 467 756 Ι
501 699 667 755 [ἔλαιον]
695 700 842 756 ἔθηκεν
876 704 1003 756 μῆνας
1032 701 1242 757 τέσσαρας.
1278 700 1282 756 Ι

265 767 479 816 Μουσανὸς
507 766 752 826 Ἀρτίκνου19
782 769 1043 826 δημοθοινίαν
1075 769 1234 812 ἔδωκεν.
1271 769 1276 826 Ι

148 951 222 975 non
247 942 402 976 obstant.
450 942 540 976 Nam
565 942 738 985 Ateporix
763 942 951 975 Strabonis
976 942 1048 975 fere
1073 942 1250 985 Amyntae
1276 943 1359 984 (not.
1377 943 1406 984 6)
1433 943 1594 985 aequalis
1618 942 1729 976 fuisse

147 1000 303 1042 videtur,
335 1000 516 1043 siquidem
547 999 647 1042 quod
678 1001 906 1042 geographus
939 1000 983 1033 de
1013 1000 1167 1033 ducibus
1192 1001 1437 1033 Romanorum
1467 1002 1551 1043 post
1580 1001 1729 1043 Pompei

148 1059 302 1090 aetatem
329 1058 417 1091 dicit
440 1057 738 1090 commodissime
762 1057 807 1090 ad
831 1058 875 1090 M.
893 1057 1088 1090 Antonium
1114 1067 1187 1091 non
1216 1058 1337 1091 minus
1361 1057 1563 1100 Ateporigis
1597 1058 1729 1100 princi-

148 1116 256 1157 patus
287 1124 398 1158 quam
427 1115 605 1157 Amyntae
638 1115 737 1157 regni
775 1116 961 1148 auctorem
991 1115 1156 1148 refertur.
1296 1117 1337 1148 44
1370 1116 1509 1149 Mireris
1538 1116 1727 1149 Franzium

148 1173 217 1205 etsi
241 1169 436 1216 [Σεβαστοῦ]
462 1172 628 1214 suppleat
652 1174 773 1205 tamen
799 1172 843 1204 de
867 1171 1000 1204 Tiberii
1025 1174 1145 1205 statua
1168 1171 1408 1215 Interpretari.
1451 1173 1568 1205 Immo
1595 1169 1729 1219 Καῖσαρ

150 1227 321 1274 Σεβαστός
346 1239 418 1262 non
443 1231 566 1272 potest
589 1239 662 1262 non
683 1229 869 1272 Augustus
893 1238 983 1272 esse,
1009 1239 1126 1272 neque
1151 1238 1215 1272 per
1239 1239 1278 1263 se
1302 1230 1497 1272 quicquam
1522 1230 1729 1264 offensionis

147 1287 257 1320 habet
280 1287 434 1329 Augusti
458 1287 577 1328 imago
603 1287 648 1319 ab
673 1287 855 1329 Albiorige
880 1287 1044 1320 dedicata
1073 1288 1110 1319 in
1134 1287 1320 1329 Augusteo
1345 1287 1520 1329 Ancyrae.
1567 1287 1613 1320 At
1644 1289 1731 1321 titu-

147 1345 223 1377 lum
254 1344 397 1377 Tiberio
429 1345 577 1377 demum
614 1345 778 1387 principe
814 1345 969 1378 incisum
1006 1353 1085 1378 esse
1121 1347 1262 1378 certum
1300 1346 1356 1377 est
1391 1345 1474 1386 (not.
1498 1345 1564 1387 45).
1612 1345 1730 1384 Quare

147 1403 361 1444 cogitaverit
393 1403 574 1444 quispiam
607 1402 651 1434 de
688 1402 942 1444 supplemento
974 1399 1171 1446 [Τιβερίου];
1209 1404 1246 1435 at
1275 1411 1362 1435 vero
1394 1403 1464 1435 hoc
1493 1404 1730 1445 praepostero

147 1460 338 1492 nominum
364 1459 490 1492 ordine
518 1468 583 1501 pro
609 1459 769 1501 legitimo
799 1457 961 1493 Tiberius
990 1456 1123 1493 Caesar
1146 1460 1201 1492 uti
1234 1469 1305 1492 non
1334 1460 1447 1493 licuit.
1497 1460 1613 1499 Quare
1643 1460 1731 1493 nihil

147 1518 270 1559 restat,
295 1518 365 1550 nisi
388 1518 430 1549 ut
453 1518 645 1559 peccatum
670 1526 749 1550 esse
774 1519 977 1550 statuamus
1003 1516 1047 1549 ab
1073 1517 1218 1549 homine
1244 1517 1390 1560 Graeco,
1415 1518 1478 1560 qui
1503 1517 1546 1550 de
1567 1518 1730 1560 principe

148 1575 318 1608 defuncto
345 1584 416 1607 non
440 1576 482 1607 ut
506 1574 663 1607 debebat
690 1572 771 1608 θεοῦ
798 1571 969 1618 Σεβαστοῦ
996 1574 1182 1617 scriberet,
1216 1575 1279 1607 sed
1310 1575 1468 1608 nominis
1499 1575 1626 1618 forma,
1657 1584 1730 1617 qua

147 1634 332 1674 superstes
369 1633 568 1674 imperator
598 1641 688 1665 usus
725 1633 813 1675 erat,
849 1633 1030 1664 retineret.
1080 1631 1184 1670 Quod
1219 1641 1261 1665 eo
1294 1632 1519 1674 probabilius
1555 1634 1620 1675 est,
1656 1641 1729 1675 quo

148 1690 317 1723 breviore
341 1690 517 1732 temporis
543 1690 661 1732 spatio
689 1691 771 1732 post
787 1689 940 1732 Augusti
965 1689 1107 1722 obitum
1131 1690 1221 1722 haec
1237 1690 1349 1722 incisa
1373 1690 1564 1723 sumimus.
1603 1690 1731 1733 Utique

149 1748 302 1790 Augusti
319 1749 354 1780 et
371 1749 508 1790 uxoris,
533 1757 605 1780 non
622 1747 753 1780 Tiberii
771 1749 806 1780 et
824 1748 951 1780 matris
969 1749 1107 1780 statuas
1132 1747 1282 1780 indicari
1299 1748 1451 1780 constat.
1570 1750 1611 1781 45
1642 1748 1733 1781 Iulia

148 1805 310 1847 Augusta
335 1815 408 1838 non
434 1805 611 1848 appellata
637 1807 692 1838 est
717 1806 878 1838 Caesaris
902 1804 1055 1847 Augusti
1079 1814 1172 1837 uxor
1204 1804 1274 1837 nisi
1303 1806 1388 1847 post
1414 1805 1535 1838 mariti
1565 1807 1730 1848 mortem,

148 1864 366 1896 testamento
391 1863 437 1895 ab
462 1872 504 1895 eo
530 1863 710 1905 adoptata.
752 1862 856 1901 Quod
881 1863 1051 1905 quoniam
1077 1862 1261 1904 Augustus
1285 1863 1345 1895 hic
1369 1871 1411 1895 eo
1436 1863 1581 1895 nomine
1604 1863 1730 1905 utitur,

150 1921 250 1962 quod
274 1921 359 1953 dum
387 1921 479 1952 inter
504 1921 611 1953 vivos
636 1921 714 1953 erat
738 1920 884 1962 gerebat
902 1921 984 1962 (not.
1005 1920 1070 1962 44),
1097 1919 1194 1952 dicat
1210 1920 1390 1962 quispiam
1407 1919 1466 1952 hic
1481 1921 1524 1952 ut
1539 1928 1572 1952 n.
1592 1921 1669 1962 456,
1688 1922 1730 1952 57

153 1978 332 2012 ΙΟΥΛΙΑΣ
365 1977 436 2009 levi
467 1986 589 2010 errore
621 1987 687 2020 pro
718 1978 896 2011 ΛΙΟΥΙΑΣ
929 1978 1084 2010 incisum
1115 1985 1205 2009 esse.
1255 1976 1323 2009 Sed
1355 1976 1475 2009 obstat
1509 1985 1642 2010 nomen
1668 1974 1731 2011 Σε-

152 2033 290 2078 βαστῆς,
316 2033 414 2076 quod
438 2035 611 2076 quoniam
636 2036 718 2067 ante
742 2044 877 2067 annum
905 2037 944 2067 44
972 2043 1005 2076 p.
1020 2034 1100 2066 Chr.
1118 2043 1151 2066 n.
1177 2042 1357 2075 nusquam
1382 2034 1560 2067 terrarum
1585 2035 1732 2068 exaudi-

152 2093 230 2123 tum
256 2093 311 2123 est
335 2091 427 2131 (Tac.
445 2091 534 2124 Ann.
553 2092 577 2133 I,
598 2095 615 2124 8
642 2089 752 2125 Livia
776 2090 820 2124 in
842 2089 1031 2134 familiam
1055 2089 1192 2124 Iuliam
1216 2100 1416 2133 nomenque
1438 2088 1644 2135 Auyustum
1667 2091 1731 2126 ad-

151 2147 380 2190 sumebatur)‚
407 2158 478 2181 non
502 2150 624 2190 potest
647 2148 811 2190 Augusto
838 2149 923 2181 vivo
951 2157 1015 2190 per
1040 2157 1200 2180 errorem
1226 2148 1425 2190 irrepsisse.
1466 2148 1598 2182 Tiberii
1622 2149 1732 2191 igitur

151 2206 359 2248 principatu
382 2206 471 2239 haec
495 2207 631 2248 scripta
655 2208 749 2248 sunt,
776 2206 839 2238 sed
864 2207 918 2238 est
943 2215 1007 2238 cur
1031 2206 1101 2248 ipsi
1127 2206 1205 2238 eius
1222 2206 1324 2239 initio
1341 2205 1487 2239 titulum
1506 2206 1732 2240 vindicemus

154 2264 238 2304 (not.
263 2263 329 2304 44).
449 2266 490 2296 46
523 2263 663 2296 Nomen
697 2263 883 2305 Gallicum,
917 2254 1021 2295 cuius
1055 2271 1138 2295 cum
1172 2263 1290 2305 prima
1320 2265 1423 2305 parte
1456 2265 1538 2306 apte
1561 2264 1731 2298 Franzius

152 2322 341 2363 comparat
357 2317 552 2365 Γαιζατόριξ
577 2320 674 2363 apud
691 2320 904 2353 Strabonem
921 2321 995 2363 XII,
1016 2323 1045 2363 3,
1065 2322 1101 2352 44
1133 2330 1167 2363 p.
1187 2323 1251 2353 562
1278 2318 1411 2362 (Γεζατ-
1435 2321 1601 2363 codices).
1642 2322 1730 2355 Eam

153 2387 225 2411 non
256 2378 438 2411 diversam
470 2387 490 2410 a
513 2378 659 2411 nomine
680 2387 831 2422 qaeswm
855 2378 966 2410 telum
993 2378 1129 2411 missile
1161 2378 1393 2421 significante,
1425 2379 1526 2421 quod
1556 2379 1730 2412 Gallicum

153 2444 233 2469 esse
258 2436 412 2476 constat,
436 2435 590 2468 Belleius
606 2435 710 2468 Mem.
730 2435 773 2468 de
790 2433 873 2467 l'Ac.
893 2435 955 2468 des
972 2436 1081 2468 Inscr.
1100 2436 1136 2468 T.
1154 2435 1317 2468 XXXVII
1334 2444 1367 2478 p.
1384 2438 1447 2467 397
1473 2436 1731 2478 pronuntiavit,

155 2493 214 2525 oui
238 2494 336 2526 recte
362 2493 558 2525 assentitur
582 2493 761 2525 Franzius.
811 2493 908 2525 Idem
935 2493 1086 2525 alterum
1113 2493 1306 2535 compositi
1335 2494 1475 2535 partem
1505 2493 1647 2525 monuit
1675 2502 1731 2526 re-

155 2550 232 2583 dire
256 2551 292 2583 in
317 2550 463 2583 nomine
485 2545 705 2593 Ἀμωθάστου
732 2550 767 2582 C.
786 2551 809 2582 Ι.
829 2550 867 2583 G.
886 2552 985 2593 2067,
1005 2554 1035 2583 5.
1055 2554 1085 2593 6,
1117 2551 1180 2592 qui
1209 2550 1337 2583 titulus
1362 2549 1484 2582 Olbiae
1514 2551 1639 2583 erutus
1665 2552 1730 2594 est,

154 2607 219 2640 ubi
244 2607 376 2640 Celtica
400 2607 544 2640 nomina
570 2607 722 2640 inveniri
755 2608 966 2649 neutiquam
998 2609 1131 2640 mirum
1156 2609 1222 2640 est.
1271 2607 1318 2640 Cf.
1345 2605 1447 2649 Syll.2
1469 2608 1544 2649 226,
1573 2609 1636 2638 402
1650 2615 1730 2650 sqq.

157 2668 199 2697 47
231 2664 279 2698 Cf.
305 2666 380 2698 not.
399 2667 454 2697 43.
572 2667 614 2697 48
644 2664 785 2698 Nomen
810 2665 902 2697 inter
926 2665 1176 2698 nobilissimos
1193 2664 1334 2696 illarum
1353 2664 1539 2705 regionum
1564 2664 1731 2697 homines

155 2731 228 2755 non
251 2722 469 2765 infrequens.
510 2721 559 2755 Cf.
585 2731 618 2754 n.
635 2722 733 2755 3721.
843 2725 884 2754 49
919 2723 1115 2764 Utrumque
1138 2731 1271 2755 nomen
1290 2722 1379 2753 mihi
1403 2721 1729 2763 suspectissimum.

156 2780 207 2813 Ac
231 2781 332 2822 prius
357 2779 506 2822 quidem
529 2776 730 2820 Μουσα(ῖ)ος
756 2780 879 2822 potius
906 2789 985 2813 esse
1009 2789 1122 2823 paene
1146 2781 1286 2812 certum
1310 2779 1494 2821 existim03
1529 2787 1615 2812 sane
1637 2779 1731 2812 litte-

157 2847 280 2870 rarum
312 2838 404 2871 ΜΟΥ
441 2837 521 2870 loco
553 2836 732 2870 Hamilton
766 2836 914 2870 lacunae
952 2836 1248 2878 significationem
1285 2835 1404 2868 habet.
1451 2835 1606 2869 Alterius
1642 2844 1730 2869 vero

158 2896 316 2928 nominis
341 2894 630 2928 emendationem
657 2895 792 2927 certam
818 2896 879 2927 aut
903 2894 1127 2936 probabilem
1152 2893 1258 2926 video
1282 2893 1427 2926 nullam.
