1858 3126
184 143 271 183 656

229 277 271 312 τὰ
307 275 551 323 ἐπιγράμματα
582 276 661 319 218,
690 281 765 309 124.
819 273 945 314 ἐξαλεί-

230 335 358 380 ψαντας
382 335 420 368 τὸ
443 332 552 377 ὄνομα
575 332 654 376 218,
675 338 736 366 129

185 390 447 438 ἐξαλλοτριῶσαι
471 390 548 434 383,
571 397 633 424 195

186 447 327 488 ἔξαλλος
352 447 516 494 στέφανος
541 447 618 491 737,
639 454 678 481 19

186 504 354 552 ἑξάμηνος
374 507 449 549 150,
465 511 496 540 2.
518 505 596 548 229,
609 511 661 539 58.
680 504 758 548 233,
771 510 800 536 6.
820 503 898 546 345,
914 510 943 536 3.

232 563 310 606 473,
330 570 360 596 6.
385 563 464 607 622,
484 570 501 597 6

188 618 330 665 ἔξαρχος
355 617 595 665 Παλμυρηνῶν
622 619 700 662 643,
719 625 735 651 4

186 675 307 722 ἐξέδρα
332 677 409 720 101,
429 684 458 710 5.
485 677 562 720 764,
585 683 636 710 56.
683 674 718 709 ἐν
750 675 795 722 τῇ
828 673 946 721 ἐξέδρᾳ

232 738 295 778 τῆς
319 732 498 779 βασιλικῆς
523 734 600 776 511,
621 741 660 767 14

187 789 369 830 ἐξελαύνω·
403 789 543 828 τούτους
574 789 663 832 (τοὺς
694 788 844 836 χοίρους)
878 787 946 828 ἐξε-

232 846 334 881 λάσαι
363 848 442 891 210,
463 854 493 881 6.
540 846 670 885 πάντας
700 846 780 885 τοὺς
809 845 948 894 χοίρους

233 903 457 951 ἐξελασθῆναι
482 903 549 938 ἀπὸ
574 908 636 950 τῆς
657 906 782 950 κώμης
806 904 885 947 210,
904 910 921 936 4

188 960 374 1009 ἐξελέγχω·
395 961 453 996 ἐὰν
473 961 511 996 δέ
526 974 576 1000 τις
594 961 781 1010 ἐξελεγχθῇ
799 961 877 1005 664,
894 968 947 995 13.

234 1019 312 1062 669,
333 1027 373 1053 58

187 1075 396 1122 ἐξελεύθεροι
419 1076 498 1119 338,
517 1082 558 1110 21

187 1132 383 1180 ἐξέρχομαι·
419 1133 476 1167 τὸν
513 1132 646 1173 ἐξιόντα
678 1131 949 1179 ὑπογραμματέα

234 1189 370 1224 Λυκίων
399 1193 459 1224 τοῦ
489 1193 606 1224 κοινοῦ
632 1190 710 1234 571,
731 1198 761 1225 6.
809 1188 948 1235 πορείας

234 1246 461 1295 ἐξερχομένης
486 1248 565 1291 674,
584 1254 625 1283 23

189 1303 350 1345 ἐξετάζω·
375 1304 673 1349 ἀνακαλεσάμενος
695 1303 775 1342 τοὺς
790 1303 949 1351 τριηράρ-

233 1374 319 1410 χους
341 1361 400 1396 καὶ
424 1361 581 1402 ἐξετάσας
607 1363 684 1406 773,
703 1370 720 1396 5

189 1417 375 1457 ἐξετασταί·
406 1415 689 1463 Ἁλικαρνασσέων
721 1419 777 1463 46,
797 1427 826 1453 5.
874 1417 949 1464 Νη-

236 1481 366 1509 σιωτῶν
400 1476 433 1519 4,
461 1483 514 1510 54.
540 1484 592 1510 55.
616 1483 788 1511 112.113.
835 1474 950 1522 Σμυρ-

234 1532 338 1566 ναίων
365 1533 442 1577 229,
461 1541 515 1568 48.
537 1541 589 1568 51.
610 1541 661 1568 52.
682 1541 722 1568 88

190 1589 320 1635 ἑξέτης·
342 1595 410 1623 τῶν
436 1589 558 1630 ἐξετῶν
583 1590 737 1624 σπονδῶν
765 1591 817 1634 13,
839 1598 877 1624 13

191 1646 405 1692 ἐξευμενίζω·
432 1646 517 1681 ὅπου
535 1646 614 1686 θεὸς
631 1647 870 1695 παρωργίζετο,
890 1651 948 1681 νῦν

237 1703 316 1742 θεὸς
340 1703 582 1750 ἐξευμενίζεται
606 1705 684 1749 610,
703 1712 721 1738 4

190 1760 390 1807 ἐξευρίσκω·
422 1761 477 1796 διὰ
507 1762 546 1796 τὸ
578 1762 627 1807 μὴ
655 1761 862 1808 ἐξευρίσκειν
886 1763 949 1808 τὴν

237 1818 292 1853 ἐπὶ
303 1818 440 1866 Λίμυρα
456 1819 651 1865 πορθμικὴν
670 1819 760 1864 ὠνὴν
775 1819 838 1864 τὴν
856 1818 948 1859 ἀξίαν

239 1877 316 1921 572,
337 1884 353 1911 6

191 1932 389 1980 ἐξηγέομαι*
423 1933 643 1980 ἐξηγούμενοι
669 1933 865 1978 σύμπαντος
889 1936 949 1968 τοῦ

237 1989 396 2035 πλήθους
431 1990 672 2036 ἐκτενεστάτην
707 2003 743 2025 τε
774 1991 835 2025 καὶ
869 1990 950 2024 εἱλι-

237 2051 336 2092 κρινῆ
361 2047 423 2091 τὴν
448 2046 582 2081 εὔνοιαν
607 2049 685 2090 763,
701 2055 740 2081 38

192 2103 360 2149 ἐξηγητής
387 2104 463 2146 104,
483 2111 499 2137 3

191 2159 396 2206 έξηκοστοὺς
419 2159 541 2197 τόκους
565 2161 644 2204 444,
664 2167 702 2195 14

191 2217 419 2258 ἐξιδιάσασθαι
443 2217 520 2261 393,
542 2223 604 2251 194

192 2275 363 2320 ἐξίστημι·
388 2273 511 2309 πολλοὶ
535 2273 594 2308 οὖν
617 2274 765 2320 ἠξίωσαν
791 2273 950 2321 ἐκστῆναι

240 2331 371 2376 μᾶλλον
394 2337 462 2365 τῶν
489 2330 580 2366 ἰδίων
604 2331 789 2377 κτημάτων
814 2332 891 2375 669,
909 2338 947 2364 37

193 2388 338 2428 ἐξοδεία·
372 2388 451 2422 ὅταν
484 2388 520 2422 αἱ
550 2387 694 2428 ἐξοδεῖαι
718 2388 775 2422 καὶ
799 2387 951 2434 πανηγύ-

240 2457 309 2490 ρεις
324 2450 391 2479 τῶν
409 2444 538 2479 λοιπῶν
553 2444 642 2479 θεῶν
658 2444 816 2492 γίνωνται
829 2445 883 2488 56,
896 2451 948 2479 60.

239 2501 275 2536 ἐν
299 2505 373 2539 ταῖς
398 2501 562 2547 μεγάλαις
581 2500 818 2547 πανηγύρεσιν,
842 2501 877 2535 ἐν
895 2500 950 2539 αἷς

240 2557 386 2598 ἐξοδεῖαι
407 2563 475 2591 τῶν
499 2562 590 2591 ναῶν
621 2557 781 2604 γίνονται,
812 2557 870 2592 καὶ
892 2558 949 2592 τὸν

238 2618 298 2650 τοῦ
315 2614 398 2650 θεοῦ
414 2611 626 2661 Ἐπιφανοῦς
641 2612 855 2661 Εὐχαρίστου
871 2615 949 2649 ναὸν

241 2670 466 2711 συνεξοὸεύειν
492 2672 548 2716 90,
565 2678 607 2706 42

195 2728 373 2769 ἐξοδιάζω·
414 2728 482 2763 ἀπὸ
520 2734 587 2763 τῶν
623 2728 745 2764 ἑαυτοῦ
779 2729 950 2776 διαφόρων

241 2786 401 2827 ἐξωδίασε
424 2787 463 2820 τὸ
489 2786 673 2832 δαπάνημα
698 2787 775 2830 764,
795 2794 837 2820 45

194 2841 375 2888 ἐξύμνυμι·
418 2842 477 2877 ἐὰν
514 2842 634 2889 μηθεὶς
672 2843 878 2891 ἐξομόσηται
909 2842 952 2877 τὰ

242 2899 511 2947 ἐνεχυρασθέντα
538 2901 616 2945 483,
637 2908 677 2935 85

901 137 1051 171 Indices.

1015 273 1147 315 ἐξουσία
1182 274 1261 316 335,
1291 279 1365 307 102.
1398 274 1477 316 484,
1504 280 1557 308 15.
1607 271 1675 307 ὑπὸ
1704 276 1773 306 τῶν

1062 330 1309 368 πλεονεκτικῶς
1331 329 1390 364 καὶ
1410 329 1558 368 ἀναιδῶς
1580 332 1656 367 ταῖς
1679 327 1774 367 ἐξου-

1063 387 1148 425 σίαις
1163 386 1423 435 ἀποχρωμένων
1436 388 1515 431 665,
1528 393 1578 420 15.
1609 385 1672 431 τὴν
1690 385 1774 430 ἄμε-

1060 457 1138 491 τρον
1156 444 1307 484 ἐξουσίαν
1320 449 1388 478 τῶν
1405 443 1608 491 ἐγλογιστῶν
1625 443 1704 486 669,
1719 449 1772 477 61.
1835 442 1838 445 ’

1064 499 1135 536 οὐδ’
1164 498 1228 536 ἀπ’
1247 501 1355 548 ὀρθῆς
1369 501 1429 536 καὶ
1446 497 1520 547 μετ’
1547 499 1699 541 ἐξουσίας
1715 499 1774 535 θέ-

1061 559 1181 598 λον-τος
1205 559 1362 605 πράττειν
1387 558 1534 602 329,11.
1574 556 1774 605 δημαρχικὴ

1063 616 1197 656 ἐξουσία
1222 627 1255 650 v.
1274 626 1303 651 s.
1321 615 1545 663 δημαρχικός.

1017 674 1120 720 ἐξοχή
1131 686 1138 693 ·
1157 672 1291 708 ἔπαθλα
1306 669 1382 707 κατ’
1404 671 1528 720 ἐξοχὴν
1545 671 1637 706 καλά
1649 672 1774 715 764,52

1017 731 1136 778 ἔξοχος
1147 742 1155 749 ·
1172 734 1231 766 τοῦ
1249 730 1462 776 ἐξοχωτάτου
1476 729 1629 776 ἐπάρχου
1642 728 1721 772 640,
1733 734 1773 761 16
1834 767 1849 782 v.

1019 788 1207 836 ἐξοχυρόω·
1222 788 1265 822 τὰ
1281 787 1379 835 τείχη
1397 787 1620 834 ἐξωχύρωσαν
1637 785 1716 829 379,
1734 792 1773 818 17

1018 845 1160 885 ἐξώλεια
1185 846 1262 888 229,
1282 853 1334 880 69.
1353 852 1407 879 78.
1434 845 1511 888 532,
1532 851 1570 878 31

1019 902 1149 948 ἐξώλης
1173 902 1246 949 εἴην
1271 902 1350 946 266,
1370 909 1408 936 50

1019 960 1190 1006 ἑορτάζειν
1207 960 1271 1004 τὴν
1287 958 1461 1004 γενέθλιον
1476 957 1580 993 αὐτοῦ
1593 959 1664 1000 (τοῦ
1677 955 1776 991 αὐτο·
1842 957 1846 960 ’

1064 1017 1240 1063 κράτορος)
1265 1017 1344 1060 493,
1362 1022 1403 1051 26

1019 1074 1236 1119 ἐορτάσιμος·
1274 1072 1310 1106 ἐν
1341 1076 1418 1111 ταῖς
1459 1070 1673 1119 ἑορτασίμοις
1707 1076 1776 1105 τῶν
1817 1094 1820 1097 -

1066 1130 1246 1177 Σεβαστῶν
1270 1130 1416 1175 ἡμέραις
1439 1130 1518 1173 524,
1538 1136 1555 1163 9

1020 1189 1121 1235 ἑορτή
1140 1190 1193 1233 56,
1212 1195 1267 1222 41.
1288 1195 1340 1222 56.
1359 1195 1413 1222 57.
1432 1193 1486 1222 66.
1505 1194 1557 1221 ου.
1583 1187 1638 1230 9ο,
1653 1193 1707 1220 49.
1723 1191 1777 1220 52.
1820 1183 1826 1195 ³

1067 1247 1144 1290 383,
1177 1253 1252 1280 151.
1273 1253 1348 1279 157.
1380 1245 1460 1288 763,
1484 1251 1537 1278 51.
1585 1241 1698 1289 ἑορταί
1721 1243 1781 1286 56,
1826 1266 1830 1267 ⁷

1068 1311 1121 1338 33.
1153 1311 1205 1338 34.
1242 1303 1297 1346 90,
1327 1310 1381 1337 47.
1418 1301 1496 1345 383,
1527 1308 1580 1335 79.
1637 1299 1775 1347 aptam)
1819 1280 1832 1331 Γ,

1066 1362 1144 1404 611,
1180 1368 1210 1394 7.
1265 1358 1432 1397 ἐνιαύσιος
1471 1358 1574 1404 ἑορτή
1615 1358 1693 1401 383,
1723 1364 1778 1392 92.
1819 1365 1822 1370 ”

1067 1417 1180 1465 ἑορταὶ
1216 1415 1379 1451 ἐνιαύσιοι
1418 1416 1494 1460 111,
1525 1422 1580 1450 28.
1615 1415 1693 1458 383,
1724 1421 1777 1448 34.
1822 1455 1823 1458 ¹

1067 1472 1271 1519 δημοτελεῖς
1295 1472 1407 1520 ἑορταί
1432 1473 1486 1517 56,
1505 1479 1544 1506 41

1021 1530 1239 1577 ἐπαγγέλλω·
1272 1530 1403 1576 θεωρὸς
1425 1530 1470 1564 τὰ
1491 1527 1653 1576 Σωτήρια
1675 1528 1778 1575 ἐπαγ·
1818 1550 1821 1572 5

1066 1587 1197 1633 γέλλων
1224 1588 1279 1631 36,
1298 1595 1328 1622 6.
1367 1590 1441 1625 τοῖς
1472 1586 1616 1634 θεωροῖς
1637 1588 1712 1623 τοῖς
1733 1583 1778 1620 τὰ

1066 1644 1181 1680 Πύθια
1216 1643 1496 1692 ἐπαγγελλόντοις
1531 1644 1609 1687 228,
1642 1650 1693 1677 15.
1743 1642 1777 1677 οἱ
1811 1648 1827 1689 *J

1067 1699 1150 1749 παρ’
1186 1701 1281 1747 ὑμῶν
1316 1700 1530 1748 πεμφθέντες
1563 1701 1649 1748 πρὸς
1682 1699 1778 1747 ἡμᾶς
1816 1696 1837 1753 ’,ἡ

1066 1758 1194 1805 θεωροὶ
1241 1758 1342 1793 ἕνεκα
1382 1762 1444 1793 τοῦ
1484 1757 1683 1805 ἐπαγγεῖλαι
1719 1758 1777 1792 τὸν
1819 1779 1822 1781 ⁴

1066 1816 1182 1863 ἀγῶνα
1203 1817 1280 1860 231,
1293 1824 1322 1850 5.
1364 1814 1545 1851 medium:
1574 1814 1779 1862 ἐπήγγελται
1819 1811 1830 1819 ”

1067 1874 1106 1908 δὲ
1139 1874 1198 1908 καὶ
1233 1874 1281 1912 εἰς
1315 1874 1354 1908 τὸ
1385 1873 1502 1908 λοιπὸν
1539 1870 1776 1911 ἐξαποστελεῖν
1812 1906 1817 1908 ,

1069 1932 1146 1975 771,
1168 1939 1206 1966 19

1022 1988 1136 2034 ἐπάγω
1149 1998 1156 2006 ·
1187 1988 1398 2022 ἀδικώτατον
1421 1986 1485 2033 γάρ
1514 1984 1604 2019 ἐστιν
1633 1984 1779 2023 πολλοῖς

1068 2045 1237 2091 ἐπάγοντα
1258 2043 1434 2082 κινδύνους
1460 2042 1545 2088 ὑπὲρ
1571 2041 1694 2078 οὐσιῶν
1716 2042 1778 2077 καὶ
1810 2034 1824 2075 ss

1065 2106 1128 2147 τῆς
1168 2100 1336 2146 ἐπιτιμίας
1371 2099 1472 2134 αὐτὸν
1509 2118 1556 2124 -
1591 2099 1776 2135 ἀνεύθυνον
1805 2112 1817 2119 ·’

1066 2158 1152 2192 εἷναι
1169 2158 1309 2201 669,43.
1346 2155 1490 2204 Μεσορῆ
1509 2156 1729 2203 ἐπαγομένων
1745 2153 1778 2203 γ’
1816 2188 1817 2191 ,

1069 2217 1146 2258 705,
1169 2222 1199 2248 6.
1246 2220 1314 2248 τῶν
1348 2213 1484 2262 ὕστερον
1517 2212 1779 2260 προσνομισθει-
1808 2231 1810 2233 -

1068 2277 1135 2306 σῶν
1162 2270 1345 2318 ἐπάγεσθαι
1368 2271 1468 2306 πέντε
1487 2270 1628 2317 ἡμερῶν
1651 2271 1707 2315 56,
1721 2277 1775 2305 44.
1796 2267 1798 2269 ’

1069 2329 1148 2374 μίαν
1173 2328 1306 2374 ἡμέραν
1334 2329 1458 2377 ἑορτὴν
1487 2334 1556 2363 τῶν
1580 2326 1784 2375 Εὐεργετῶν-
1795 2327 1805 2354 ἶ

1066 2386 1157 2421 θεῶν
1184 2385 1370 2433 ἐπάγεσθαι
1400 2387 1455 2430 56,
1472 2393 1526 2420 44.
1573 2389 1650 2424 ταῖς
1677 2384 1810 2419 πέντε

1065 2447 1141 2482 ταῖς
1165 2442 1391 2490 ἐπαγομέναις
1415 2443 1480 2488 πρὸ
1504 2445 1565 2477 τοῦ
1582 2442 1662 2477 νέου
1679 2438 1799 2493 ἔτους,
1850 2459 1854 2462 ⁴

1069 2502 1122 2545 56,
1147 2508 1202 2534 45.
1248 2500 1331 2534 ἐπὰν
1360 2498 1558 2548 ἐπαχθῶσιν
1589 2499 1632 2543 (οἱ
1663 2489 1803 2546 tepeteji¹=

1066 2557 1115 2596 εἰς
1138 2558 1177 2592 τὸ
1202 2557 1337 2604 πλῆθος
1361 2558 1415 2601 56,
1435 2565 1475 2592 71

1022 2614 1157 2650 ἔπαθλα
1181 2616 1259 2658 455,
1276 2622 1306 2649 3.
1332 2615 1410 2657 764,
1427 2621 1480 2648 29.
1500 2621 1554 2648 34.
1572 2621 1626 2648 41.
1646 2620 1699 2647 52.
1719 2618 1760 2647 55
1789 2603 1802 2655 ff,

1022 2670 1263 2716 ἐπαλείμματα
1286 2672 1363 2714 339,
1383 2678 1436 2704 37.
1453 2678 1493 2704 77

1023 2726 1203 2773 ἐπαμύνω’
1229 2726 1491 2773 ἐπαμυνέτωσαν
1516 2727 1553 2762 δὲ
1578 2726 1726 2773 βασιλεῖς
1739 2736 1796 2765 τεὴ

1068 2785 1127 2819 καὶ
1161 2783 1325 2832 ἄρχοντες
1359 2784 1437 2828 383,
1460 2791 1533 2819 187.
1593 2783 1796 2829 ἐπαμύνωνζ

1068 2842 1118 2888 τῷ
1158 2841 1261 2887 πατρὶ
1299 2841 1357 2876 καὶ
1400 2842 1443 2888 τῇ
1483 2840 1586 2875 αὑτοῦ
1626 2831 1806 2886 βασιλείᾳῘ>·

1069 2900 1125 2943 90,
1135 2905 1188 2933 27.
1216 2893 1322 2946 τΩρος
1335 2916 1379 2922 --
1393 2897 1600 2942 ὁέπαμύνας
1615 2899 1665 2945 τῷ
1675 2897 1776 2944 πατρὶ
1793 2933 1794 2936 ,
