<?xml version="1.0" encoding="UTF-8"?>
<!DOCTYPE html PUBLIC "-//W3C//DTD XHTML 1.0 Transitional//EN"
    "http://www.w3.org/TR/xhtml1/DTD/xhtml1-transitional.dtd">
<html xmlns="http://www.w3.org/1999/xhtml" xml:lang="en" lang="en">
 <head>
  <title>
</title>
<meta http-equiv="Content-Type" content="text/html;charset=utf-8" />
  <meta name='ocr-system' content='tesseract 3.04.00' />
  <meta name='ocr-capabilities' content='ocr_page ocr_carea ocr_par ocr_line ocrx_word'/>
</head>
<body>
  <div class='ocr_page' id='page_1' title='image "./orientisgraeciin02dittuoft/orientisgraeciin02dittuoft_0688.png"; bbox 0 0 1858 3126; ppageno 0'>
   <div class='ocr_carea' id='block_1_1' title="bbox 221 150 307 193">
    <p class='ocr_par' dir='ltr' id='par_1_1' title="bbox 221 150 307 193">
     <span class='ocr_line' id='line_1_1' title="bbox 221 150 307 193; baseline 0 -1"><span class='ocrx_word' id='word_1_1' title='bbox 221 150 307 193; x_wconf 87' lang='grc'>674</span> 
     </span>
    </p>
   </div>
   <div class='ocr_carea' id='block_1_2' title="bbox 218 285 992 2955">
    <p class='ocr_par' dir='ltr' id='par_1_2' title="bbox 218 285 980 391">
     <span class='ocr_line' id='line_1_2' title="bbox 218 285 980 335; baseline -0.004 -13"><span class='ocrx_word' id='word_1_2' title='bbox 218 287 478 335; x_wconf 83' lang='grc' dir='ltr'>καταχράομαι·</span> <span class='ocrx_word' id='word_1_3' title='bbox 507 286 540 321; x_wconf 78' lang='grc' dir='ltr'>οἱ</span> <span class='ocrx_word' id='word_1_4' title='bbox 563 287 605 333; x_wconf 81' lang='grc' dir='ltr'>τῇ</span> <span class='ocrx_word' id='word_1_5' title='bbox 631 285 872 331; x_wconf 73' lang='grc' dir='ltr'>πρωτοπραξίᾳ</span> <span class='ocrx_word' id='word_1_6' title='bbox 895 286 980 332; x_wconf 83' lang='grc' dir='ltr'>πρὸς</span> 
     </span>
     <span class='ocr_line' id='line_1_3' title="bbox 265 343 889 391; baseline -0.005 -12"><span class='ocrx_word' id='word_1_7' title='bbox 265 344 288 379; x_wconf 84' lang='grc' dir='ltr'><em>ἃ</em></span> <span class='ocrx_word' id='word_1_8' title='bbox 313 345 362 390; x_wconf 85' lang='grc' dir='ltr'>μὴ</span> <span class='ocrx_word' id='word_1_9' title='bbox 387 344 440 378; x_wconf 85' lang='grc' dir='ltr'>δεῖ</span> <span class='ocrx_word' id='word_1_10' title='bbox 462 345 727 391; x_wconf 68' lang='grc' dir='ltr'>καταχρώμενοι</span> <span class='ocrx_word' id='word_1_11' title='bbox 752 343 830 386; x_wconf 98' lang='grc'><strong>669,</strong></span> <span class='ocrx_word' id='word_1_12' title='bbox 851 350 889 377; x_wconf 84' lang='grc'>19</span> 
     </span>
    </p>

    <p class='ocr_par' dir='ltr' id='par_1_3' title="bbox 219 398 988 1933">
     <span class='ocr_line' id='line_1_4' title="bbox 219 398 980 449; baseline -0.001 -13"><span class='ocrx_word' id='word_1_13' title='bbox 219 401 447 449; x_wconf 79' lang='grc' dir='ltr'>καταχωρίζω</span> <span class='ocrx_word' id='word_1_14' title='bbox 475 402 505 435; x_wconf 92' lang='grc'>1.</span> <span class='ocrx_word' id='word_1_15' title='bbox 530 399 680 436; x_wconf 77' lang='lat' dir='ltr'><em>additur</em></span> <span class='ocrx_word' id='word_1_16' title='bbox 707 398 774 435; x_wconf 77' lang='lat' dir='ltr'>ubi</span> <span class='ocrx_word' id='word_1_17' title='bbox 801 399 891 445; x_wconf 77' lang='lat' dir='ltr'><strong><em>quid</em></strong></span> <span class='ocrx_word' id='word_1_18' title='bbox 912 399 980 435; x_wconf 73' lang='lat' dir='ltr'><em>col-</em></span> 
     </span>
     <span class='ocr_line' id='line_1_5' title="bbox 266 457 980 505; baseline -0.004 -11"><span class='ocrx_word' id='word_1_19' title='bbox 266 459 415 494; x_wconf 75' lang='lat' dir='ltr'><em>locetur:</em></span> <span class='ocrx_word' id='word_1_20' title='bbox 444 458 525 496; x_wconf 86' lang='grc' dir='ltr'>τοὺς</span> <span class='ocrx_word' id='word_1_21' title='bbox 549 457 587 492; x_wconf 89' lang='grc' dir='ltr'>δὲ</span> <span class='ocrx_word' id='word_1_22' title='bbox 611 457 794 502; x_wconf 74' lang='grc' dir='ltr'>πρυτάνεις</span> <span class='ocrx_word' id='word_1_23' title='bbox 821 469 980 505; x_wconf 86' lang='grc' dir='ltr'>καταχω-</span> 
     </span>
     <span class='ocr_line' id='line_1_6' title="bbox 269 513 980 562; baseline -0.003 -11"><span class='ocrx_word' id='word_1_24' title='bbox 269 517 356 562; x_wconf 89' lang='grc' dir='ltr'>ρίσαι</span> <span class='ocrx_word' id='word_1_25' title='bbox 380 515 479 550; x_wconf 83' lang='grc' dir='ltr'>αὐτὸν</span> <span class='ocrx_word' id='word_1_26' title='bbox 505 515 554 553; x_wconf 79' lang='grc' dir='ltr'>εἰς</span> <span class='ocrx_word' id='word_1_27' title='bbox 578 513 690 562; x_wconf 84' lang='grc' dir='ltr'>φυλὴν</span> <span class='ocrx_word' id='word_1_28' title='bbox 716 534 758 539; x_wconf 89' lang='grc'><strong>-</strong></span> <span class='ocrx_word' id='word_1_29' title='bbox 783 515 842 549; x_wconf 93' lang='grc' dir='ltr'>καὶ</span> <span class='ocrx_word' id='word_1_30' title='bbox 869 514 980 560; x_wconf 86' lang='grc' dir='ltr'>δῆμον</span> 
     </span>
     <span class='ocr_line' id='line_1_7' title="bbox 267 571 981 618; baseline -0.001 -12"><span class='ocrx_word' id='word_1_31' title='bbox 267 574 323 618; x_wconf 85' lang='grc'>49,</span> <span class='ocrx_word' id='word_1_32' title='bbox 344 580 397 608; x_wconf 90' lang='grc'>14.</span> <span class='ocrx_word' id='word_1_33' title='bbox 418 580 470 607; x_wconf 84' lang='grc'>15.</span> <span class='ocrx_word' id='word_1_34' title='bbox 509 571 589 610; x_wconf 86' lang='grc' dir='ltr'>τοὺς</span> <span class='ocrx_word' id='word_1_35' title='bbox 618 571 746 610; x_wconf 78' lang='grc' dir='ltr'>ἄλλους</span> <span class='ocrx_word' id='word_1_36' title='bbox 775 571 854 609; x_wconf 83' lang='grc' dir='ltr'>τοὺς</span> <span class='ocrx_word' id='word_1_37' title='bbox 878 583 981 605; x_wconf 90' lang='grc' dir='ltr'>κατα-</span> 
     </span>
     <span class='ocr_line' id='line_1_8' title="bbox 267 627 981 678; baseline -0.004 -13"><span class='ocrx_word' id='word_1_38' title='bbox 267 630 520 678; x_wconf 81' lang='grc' dir='ltr'>χωριζομένους</span> <span class='ocrx_word' id='word_1_39' title='bbox 550 628 599 668; x_wconf 84' lang='grc' dir='ltr'>εἰς</span> <span class='ocrx_word' id='word_1_40' title='bbox 621 629 660 664; x_wconf 86' lang='grc' dir='ltr'>τὸ</span> <span class='ocrx_word' id='word_1_41' title='bbox 689 627 880 673; x_wconf 83' lang='grc' dir='ltr'>πολίτευμα</span> <span class='ocrx_word' id='word_1_42' title='bbox 903 629 981 671; x_wconf 89' lang='grc'><strong>229,</strong></span> 
     </span>
     <span class='ocr_line' id='line_1_9' title="bbox 271 685 982 733; baseline -0.004 -11"><span class='ocrx_word' id='word_1_43' title='bbox 271 696 324 722; x_wconf 89' lang='grc' dir='ltr'>6ο.</span> <span class='ocrx_word' id='word_1_44' title='bbox 345 695 397 723; x_wconf 88' lang='grc'>72.</span> <span class='ocrx_word' id='word_1_45' title='bbox 439 686 567 733; x_wconf 79' lang='grc' dir='ltr'>ὁμοίως</span> <span class='ocrx_word' id='word_1_46' title='bbox 592 686 629 720; x_wconf 85' lang='grc' dir='ltr'>δὲ</span> <span class='ocrx_word' id='word_1_47' title='bbox 652 685 711 720; x_wconf 87' lang='grc' dir='ltr'>καὶ</span> <span class='ocrx_word' id='word_1_48' title='bbox 724 685 804 723; x_wconf 83' lang='grc' dir='ltr'>τοὺς</span> <span class='ocrx_word' id='word_1_49' title='bbox 821 685 982 732; x_wconf 75' lang='grc' dir='ltr'>ἐκγόνους</span> 
     </span>
     <span class='ocr_line' id='line_1_10' title="bbox 269 742 983 792; baseline -0.004 -13"><span class='ocrx_word' id='word_1_50' title='bbox 269 746 380 780; x_wconf 79' lang='grc' dir='ltr'>αὐτῶν</span> <span class='ocrx_word' id='word_1_51' title='bbox 403 742 698 792; x_wconf 79' lang='grc' dir='ltr'>καταχωρίζεσθαι</span> <span class='ocrx_word' id='word_1_52' title='bbox 723 743 770 781; x_wconf 85' lang='grc' dir='ltr'>εἰς</span> <span class='ocrx_word' id='word_1_53' title='bbox 793 742 854 781; x_wconf 78' lang='grc' dir='ltr'>τὰς</span> <span class='ocrx_word' id='word_1_54' title='bbox 879 742 983 780; x_wconf 84' lang='grc' dir='ltr'>αύτάς</span> 
     </span>
     <span class='ocr_line' id='line_1_11' title="bbox 270 798 984 849; baseline -0.007 -12"><span class='ocrx_word' id='word_1_55' title='bbox 270 802 379 849; x_wconf 81' lang='grc' dir='ltr'>φυλάς</span> <span class='ocrx_word' id='word_1_56' title='bbox 405 803 459 846; x_wconf 89' lang='grc'>56,</span> <span class='ocrx_word' id='word_1_57' title='bbox 478 808 533 836; x_wconf 85' lang='grc'>29.</span> <span class='ocrx_word' id='word_1_58' title='bbox 573 801 621 839; x_wconf 79' lang='grc' dir='ltr'>εἰς</span> <span class='ocrx_word' id='word_1_59' title='bbox 638 799 747 847; x_wconf 85' lang='grc' dir='ltr'>φυλὰς</span> <span class='ocrx_word' id='word_1_60' title='bbox 765 799 889 838; x_wconf 78' lang='grc' dir='ltr'>αὐτοὺς</span> <span class='ocrx_word' id='word_1_61' title='bbox 910 798 984 833; x_wconf 78' lang='grc' dir='ltr'>ἐπι-</span> 
     </span>
     <span class='ocr_line' id='line_1_12' title="bbox 268 855 983 906; baseline -0.007 -11"><span class='ocrx_word' id='word_1_62' title='bbox 268 860 450 906; x_wconf 84' lang='grc' dir='ltr'>κληρώσας</span> <span class='ocrx_word' id='word_1_63' title='bbox 473 863 682 906; x_wconf 80' lang='grc' dir='ltr'>καταχωριῶ</span> <span class='ocrx_word' id='word_1_64' title='bbox 708 856 757 895; x_wconf 77' lang='grc' dir='ltr'>εἰς</span> <span class='ocrx_word' id='word_1_65' title='bbox 778 856 820 902; x_wconf 79' lang='grc' dir='ltr'>ἣν</span> <span class='ocrx_word' id='word_1_66' title='bbox 845 855 884 891; x_wconf 81' lang='grc' dir='ltr'>ἂν</span> <span class='ocrx_word' id='word_1_67' title='bbox 904 856 983 891; x_wconf 82' lang='grc' dir='ltr'>ἕκα-</span> 
     </span>
     <span class='ocr_line' id='line_1_13' title="bbox 269 912 983 963; baseline -0.008 -11"><span class='ocrx_word' id='word_1_68' title='bbox 269 929 342 952; x_wconf 89' lang='grc' dir='ltr'>στοι</span> <span class='ocrx_word' id='word_1_69' title='bbox 357 916 510 963; x_wconf 75' lang='grc' dir='ltr'>λάχωσιν</span> <span class='ocrx_word' id='word_1_70' title='bbox 524 916 601 958; x_wconf 88' lang='grc'><strong>229,</strong></span> <span class='ocrx_word' id='word_1_71' title='bbox 622 923 675 949; x_wconf 84' lang='grc'>75.</span> <span class='ocrx_word' id='word_1_72' title='bbox 705 919 772 948; x_wconf 82' lang='grc' dir='ltr'>τῶν</span> <span class='ocrx_word' id='word_1_73' title='bbox 792 912 827 947; x_wconf 85' lang='grc' dir='ltr'>έν</span> <span class='ocrx_word' id='word_1_74' title='bbox 843 913 925 961; x_wconf 75' lang='grc' dir='ltr'>τῇδε</span> <span class='ocrx_word' id='word_1_75' title='bbox 940 914 983 960; x_wconf 78' lang='grc' dir='ltr'>τῇ</span> 
     </span>
     <span class='ocr_line' id='line_1_14' title="bbox 270 970 983 1019; baseline -0.007 -10"><span class='ocrx_word' id='word_1_76' title='bbox 270 973 427 1019; x_wconf 80' lang='grc' dir='ltr'>συνθήκῃ</span> <span class='ocrx_word' id='word_1_77' title='bbox 450 970 803 1019; x_wconf 66' lang='grc' dir='ltr'>κατακεχωρισμένων</span> <span class='ocrx_word' id='word_1_78' title='bbox 831 972 910 1014; x_wconf 94' lang='grc'><strong>437,</strong></span> <span class='ocrx_word' id='word_1_79' title='bbox 931 978 983 1006; x_wconf 85' lang='grc'>74.</span> 
     </span>
     <span class='ocr_line' id='line_1_15' title="bbox 270 1026 985 1075; baseline -0.008 -9"><span class='ocrx_word' id='word_1_80' title='bbox 270 1029 473 1068; x_wconf 73' lang='grc' dir='ltr'>ἀκολούθως</span> <span class='ocrx_word' id='word_1_81' title='bbox 512 1034 586 1067; x_wconf 88' lang='grc' dir='ltr'>τοῖς</span> <span class='ocrx_word' id='word_1_82' title='bbox 626 1028 661 1063; x_wconf 87' lang='grc' dir='ltr'>ἐν</span> <span class='ocrx_word' id='word_1_83' title='bbox 701 1028 751 1075; x_wconf 80' lang='grc' dir='ltr'>τῷ</span> <span class='ocrx_word' id='word_1_84' title='bbox 789 1026 985 1074; x_wconf 81' lang='grc' dir='ltr'>ψηφίσματι</span> 
     </span>
     <span class='ocr_line' id='line_1_16' title="bbox 269 1085 984 1137; baseline -0.007 -14"><span class='ocrx_word' id='word_1_85' title='bbox 269 1086 623 1136; x_wconf 86' lang='grc' dir='ltr'>κατακεχωρισμένοις</span> <span class='ocrx_word' id='word_1_86' title='bbox 653 1085 732 1129; x_wconf 90' lang='grc'><strong>231,</strong></span> <span class='ocrx_word' id='word_1_87' title='bbox 753 1091 806 1119; x_wconf 87' lang='grc'>12.</span> <span class='ocrx_word' id='word_1_88' title='bbox 831 1085 911 1137; x_wconf 77' lang='grc'><strong>232,</strong></span> <span class='ocrx_word' id='word_1_89' title='bbox 931 1091 984 1118; x_wconf 94' lang='grc'>11.</span> 
     </span>
     <span class='ocr_line' id='line_1_17' title="bbox 271 1141 985 1189; baseline -0.006 -10"><span class='ocrx_word' id='word_1_90' title='bbox 271 1147 349 1189; x_wconf 97' lang='grc'><strong>305,</strong></span> <span class='ocrx_word' id='word_1_91' title='bbox 369 1153 400 1179; x_wconf 85' lang='grc'>4.</span> <span class='ocrx_word' id='word_1_92' title='bbox 425 1144 504 1187; x_wconf 88' lang='grc'><strong>319,</strong></span> <span class='ocrx_word' id='word_1_93' title='bbox 524 1150 577 1179; x_wconf 90' lang='lat'>12.</span> <span class='ocrx_word' id='word_1_94' title='bbox 616 1142 659 1176; x_wconf 79' lang='grc' dir='ltr'>τὰ</span> <span class='ocrx_word' id='word_1_95' title='bbox 677 1141 864 1188; x_wconf 77' lang='grc' dir='ltr'>ἀντίγραφα</span> <span class='ocrx_word' id='word_1_96' title='bbox 879 1154 985 1176; x_wconf 85' lang='grc' dir='ltr'>κατα-</span> 
     </span>
     <span class='ocr_line' id='line_1_18' title="bbox 269 1198 985 1250; baseline -0.008 -13"><span class='ocrx_word' id='word_1_97' title='bbox 269 1201 524 1250; x_wconf 77' lang='grc' dir='ltr'>χωρισθήσεται</span> <span class='ocrx_word' id='word_1_98' title='bbox 548 1200 596 1238; x_wconf 85' lang='grc' dir='ltr'>είς</span> <span class='ocrx_word' id='word_1_99' title='bbox 625 1199 686 1237; x_wconf 83' lang='grc' dir='ltr'>τὰς</span> <span class='ocrx_word' id='word_1_100' title='bbox 718 1199 807 1247; x_wconf 79' lang='grc' dir='ltr'>ἱερὰς</span> <span class='ocrx_word' id='word_1_101' title='bbox 838 1198 985 1244; x_wconf 83' lang='grc' dir='ltr'>βύβλους</span> 
     </span>
     <span class='ocr_line' id='line_1_19' title="bbox 273 1258 986 1305; baseline -0.004 -13"><span class='ocrx_word' id='word_1_102' title='bbox 273 1260 327 1303; x_wconf 87' lang='grc'>56,</span> <span class='ocrx_word' id='word_1_103' title='bbox 347 1267 400 1294; x_wconf 90' lang='grc' dir='ltr'>7ο.</span> <span class='ocrx_word' id='word_1_104' title='bbox 441 1258 476 1292; x_wconf 78' lang='grc' dir='ltr'>ἔν</span> <span class='ocrx_word' id='word_1_105' title='bbox 500 1270 538 1292; x_wconf 89' lang='grc' dir='ltr'>τε</span> <span class='ocrx_word' id='word_1_106' title='bbox 561 1261 635 1295; x_wconf 88' lang='grc' dir='ltr'>τοῖς</span> <span class='ocrx_word' id='word_1_107' title='bbox 651 1259 905 1305; x_wconf 78' lang='grc' dir='ltr'>χρηματισμοῖς</span> <span class='ocrx_word' id='word_1_108' title='bbox 923 1268 986 1290; x_wconf 88' lang='grc' dir='ltr'>κα-</span> 
     </span>
     <span class='ocr_line' id='line_1_20' title="bbox 270 1313 985 1363; baseline -0.004 -13"><span class='ocrx_word' id='word_1_109' title='bbox 270 1315 469 1363; x_wconf 78' lang='grc' dir='ltr'>ταχωρίζων</span> <span class='ocrx_word' id='word_1_110' title='bbox 505 1314 606 1349; x_wconf 85' lang='grc' dir='ltr'>αὐτὸν</span> <span class='ocrx_word' id='word_1_111' title='bbox 639 1313 800 1361; x_wconf 77' lang='grc' dir='ltr'>ἀρχιερέα</span> <span class='ocrx_word' id='word_1_112' title='bbox 829 1314 907 1357; x_wconf 87' lang='grc'><strong>244,</strong></span> <span class='ocrx_word' id='word_1_113' title='bbox 932 1320 985 1347; x_wconf 87' lang='grc'>32.</span> 
     </span>
     <span class='ocr_line' id='line_1_21' title="bbox 271 1371 986 1420; baseline -0.006 -12"><span class='ocrx_word' id='word_1_114' title='bbox 271 1372 505 1420; x_wconf 83' lang='grc' dir='ltr'>καταχωρίσαι</span> <span class='ocrx_word' id='word_1_115' title='bbox 529 1371 578 1410; x_wconf 83' lang='grc' dir='ltr'>εἰς</span> <span class='ocrx_word' id='word_1_116' title='bbox 601 1371 730 1408; x_wconf 82' lang='grc' dir='ltr'>πάντας</span> <span class='ocrx_word' id='word_1_117' title='bbox 753 1371 831 1409; x_wconf 84' lang='grc' dir='ltr'>τοὺς</span> <span class='ocrx_word' id='word_1_118' title='bbox 848 1383 986 1418; x_wconf 88' lang='grc' dir='ltr'>χρημα-</span> 
     </span>
     <span class='ocr_line' id='line_1_22' title="bbox 271 1428 987 1476; baseline -0.004 -12"><span class='ocrx_word' id='word_1_119' title='bbox 271 1430 411 1475; x_wconf 88' lang='grc' dir='ltr'>τισμούς</span> <span class='ocrx_word' id='word_1_120' title='bbox 428 1430 483 1472; x_wconf 90' lang='grc'>90,</span> <span class='ocrx_word' id='word_1_121' title='bbox 504 1436 557 1464; x_wconf 86' lang='grc'>51.</span> <span class='ocrx_word' id='word_1_122' title='bbox 601 1429 645 1463; x_wconf 84' lang='grc' dir='ltr'>τὰ</span> <span class='ocrx_word' id='word_1_123' title='bbox 661 1428 987 1476; x_wconf 86' lang='grc' dir='ltr'>κατακεχωρισμένα</span> 
     </span>
     <span class='ocr_line' id='line_1_23' title="bbox 273 1483 985 1532; baseline -0.003 -11"><span class='ocrx_word' id='word_1_124' title='bbox 273 1488 307 1521; x_wconf 82' lang='grc' dir='ltr'>ἐν</span> <span class='ocrx_word' id='word_1_125' title='bbox 331 1486 411 1524; x_wconf 83' lang='grc' dir='ltr'>τοὺς</span> <span class='ocrx_word' id='word_1_126' title='bbox 434 1485 568 1532; x_wconf 85' lang='grc' dir='ltr'>ἀγῶνας</span> <span class='ocrx_word' id='word_1_127' title='bbox 582 1490 651 1520; x_wconf 83' lang='grc' dir='ltr'>τῶν</span> <span class='ocrx_word' id='word_1_128' title='bbox 670 1483 808 1520; x_wconf 88' lang='grc' dir='ltr'>Πυθίων</span> <span class='ocrx_word' id='word_1_129' title='bbox 834 1486 912 1529; x_wconf 88' lang='lat'><strong>305,</strong></span> <span class='ocrx_word' id='word_1_130' title='bbox 934 1492 985 1519; x_wconf 86' lang='lat'>12.</span> 
     </span>
     <span class='ocr_line' id='line_1_24' title="bbox 273 1542 987 1588; baseline -0.004 -10"><span class='ocrx_word' id='word_1_131' title='bbox 273 1544 336 1578; x_wconf 82' lang='grc' dir='ltr'>ὅσα</span> <span class='ocrx_word' id='word_1_132' title='bbox 369 1542 425 1578; x_wconf 83' lang='grc' dir='ltr'>διὰ</span> <span class='ocrx_word' id='word_1_133' title='bbox 455 1546 516 1577; x_wconf 79' lang='grc' dir='ltr'>τοῦ</span> <span class='ocrx_word' id='word_1_134' title='bbox 544 1542 770 1588; x_wconf 75' lang='grc' dir='ltr'>γεγενημένου</span> <span class='ocrx_word' id='word_1_135' title='bbox 807 1560 848 1567; x_wconf 90' lang='lat'>—</span> <span class='ocrx_word' id='word_1_136' title='bbox 879 1542 987 1588; x_wconf 80' lang='grc' dir='ltr'>ψηφί-</span> 
     </span>
     <span class='ocr_line' id='line_1_25' title="bbox 274 1600 986 1647; baseline -0.003 -12"><span class='ocrx_word' id='word_1_137' title='bbox 274 1612 401 1646; x_wconf 87' lang='grc' dir='ltr'>σματος</span> <span class='ocrx_word' id='word_1_138' title='bbox 452 1600 748 1647; x_wconf 85' lang='grc' dir='ltr'>κατακεχώρισται</span> <span class='ocrx_word' id='word_1_139' title='bbox 806 1600 890 1642; x_wconf 88' lang='grc'><strong>764,</strong></span> <span class='ocrx_word' id='word_1_140' title='bbox 933 1606 986 1633; x_wconf 88' lang='grc'>32.</span> 
     </span>
     <span class='ocr_line' id='line_1_26' title="bbox 274 1655 986 1701; baseline -0.004 -8"><span class='ocrx_word' id='word_1_141' title='bbox 274 1660 306 1693; x_wconf 89' lang='grc'>2.</span> <span class='ocrx_word' id='word_1_142' title='bbox 361 1656 517 1692; x_wconf 77' lang='lat' dir='ltr'><em>absolute</em></span> <span class='ocrx_word' id='word_1_143' title='bbox 570 1658 774 1701; x_wconf 61' lang='lat' dir='ltr'><em>usurpatur</em></span> <span class='ocrx_word' id='word_1_144' title='bbox 823 1655 986 1691; x_wconf 75' lang='lat' dir='ltr'><strong><em>verbum:</em></strong></span> 
     </span>
     <span class='ocr_line' id='line_1_27' title="bbox 271 1713 987 1762; baseline -0.004 -12"><span class='ocrx_word' id='word_1_145' title='bbox 271 1714 565 1762; x_wconf 83' lang='grc' dir='ltr'>κατακεχώρισται</span> <span class='ocrx_word' id='word_1_146' title='bbox 580 1714 619 1748; x_wconf 88' lang='grc' dir='ltr'>τὸ</span> <span class='ocrx_word' id='word_1_147' title='bbox 637 1713 839 1761; x_wconf 82' lang='grc' dir='ltr'>ἀντίγραφον</span> <span class='ocrx_word' id='word_1_148' title='bbox 859 1714 936 1757; x_wconf 89' lang='grc'><strong>224,</strong></span> <span class='ocrx_word' id='word_1_149' title='bbox 957 1721 987 1748; x_wconf 89' lang='grc'>6.</span> 
     </span>
     <span class='ocr_line' id='line_1_28' title="bbox 275 1769 988 1818; baseline -0.003 -12"><span class='ocrx_word' id='word_1_150' title='bbox 275 1771 382 1818; x_wconf 81' lang='grc' dir='ltr'><strong>ἐδόθη</strong></span> <span class='ocrx_word' id='word_1_151' title='bbox 415 1771 432 1806; x_wconf 84' lang='grc' dir='ltr'>ὁ</span> <span class='ocrx_word' id='word_1_152' title='bbox 462 1771 803 1818; x_wconf 84' lang='grc' dir='ltr'>κατακεχωρισμένος</span> <span class='ocrx_word' id='word_1_153' title='bbox 834 1769 988 1816; x_wconf 79' lang='grc' dir='ltr'>ὑπομνη-</span> 
     </span>
     <span class='ocr_line' id='line_1_29' title="bbox 275 1826 987 1875; baseline -0.001 -12"><span class='ocrx_word' id='word_1_154' title='bbox 275 1828 443 1875; x_wconf 85' lang='grc' dir='ltr'>ματισμός</span> <span class='ocrx_word' id='word_1_155' title='bbox 477 1828 556 1871; x_wconf 90' lang='grc'><strong>262,</strong></span> <span class='ocrx_word' id='word_1_156' title='bbox 586 1833 617 1862; x_wconf 86' lang='grc'>2.</span> <span class='ocrx_word' id='word_1_157' title='bbox 671 1826 875 1866; x_wconf 74' lang='grc' dir='ltr'>ἀκολούθως</span> <span class='ocrx_word' id='word_1_158' title='bbox 914 1832 987 1866; x_wconf 88' lang='grc' dir='ltr'>τοῖς</span> 
     </span>
     <span class='ocr_line' id='line_1_30' title="bbox 273 1885 789 1933; baseline -0.004 -13"><span class='ocrx_word' id='word_1_159' title='bbox 273 1885 627 1933; x_wconf 86' lang='grc' dir='ltr'>κατακεχωρισμένοις</span> <span class='ocrx_word' id='word_1_160' title='bbox 652 1885 730 1928; x_wconf 89' lang='grc'><strong>763,</strong></span> <span class='ocrx_word' id='word_1_161' title='bbox 751 1892 789 1919; x_wconf 85' lang='grc'>37</span> 
     </span>
    </p>

    <p class='ocr_par' dir='ltr' id='par_1_4' title="bbox 228 1939 989 2099">
     <span class='ocr_line' id='line_1_31' title="bbox 228 1939 989 1988; baseline -0.003 -10"><span class='ocrx_word' id='word_1_162' title='bbox 228 1942 500 1988; x_wconf 78' lang='grc' dir='ltr'>καταψεύδομαι·</span> <span class='ocrx_word' id='word_1_163' title='bbox 537 1941 747 1987; x_wconf 80' lang='grc' dir='ltr'>ἀφικόμενος</span> <span class='ocrx_word' id='word_1_164' title='bbox 783 1943 868 1988; x_wconf 85' lang='grc' dir='ltr'>πρὸς</span> <span class='ocrx_word' id='word_1_165' title='bbox 899 1939 989 1977; x_wconf 86' lang='grc' dir='ltr'>Ἁλέ-</span> 
     </span>
     <span class='ocr_line' id='line_1_32' title="bbox 275 1998 988 2045; baseline -0.003 -11"><span class='ocrx_word' id='word_1_166' title='bbox 275 2000 413 2045; x_wconf 76' lang='grc' dir='ltr'>ξανδρον</span> <span class='ocrx_word' id='word_1_167' title='bbox 459 1998 684 2043; x_wconf 85' lang='grc' dir='ltr'>κατεψεύδετο</span> <span class='ocrx_word' id='word_1_168' title='bbox 724 1998 784 2033; x_wconf 89' lang='grc' dir='ltr'>καὶ</span> <span class='ocrx_word' id='word_1_169' title='bbox 831 1998 988 2044; x_wconf 82' lang='grc' dir='ltr'>διέβαλλε</span> 
     </span>
     <span class='ocr_line' id='line_1_33' title="bbox 273 2054 711 2099; baseline -0.005 -9"><span class='ocrx_word' id='word_1_170' title='bbox 273 2056 344 2094; x_wconf 87' lang='grc' dir='ltr'>τοὶς</span> <span class='ocrx_word' id='word_1_171' title='bbox 368 2054 522 2093; x_wconf 82' lang='grc' dir='ltr'>πολίταις</span> <span class='ocrx_word' id='word_1_172' title='bbox 547 2056 579 2099; x_wconf 87' lang='grc'><strong>8,</strong></span> <span class='ocrx_word' id='word_1_173' title='bbox 601 2063 652 2090; x_wconf 88' lang='grc'>14.</span> <span class='ocrx_word' id='word_1_174' title='bbox 673 2063 711 2090; x_wconf 88' lang='grc'>15</span> 
     </span>
    </p>

    <p class='ocr_par' dir='ltr' id='par_1_5' title="bbox 228 2111 991 2273">
     <span class='ocr_line' id='line_1_34' title="bbox 228 2111 990 2159; baseline -0.001 -12"><span class='ocrx_word' id='word_1_175' title='bbox 228 2111 437 2158; x_wconf 86' lang='grc' dir='ltr'>κατεπείγω·</span> <span class='ocrx_word' id='word_1_176' title='bbox 487 2111 523 2145; x_wconf 85' lang='grc' dir='ltr'>ἐν</span> <span class='ocrx_word' id='word_1_177' title='bbox 570 2111 811 2158; x_wconf 85' lang='grc' dir='ltr'>κατεπείγουσι</span> <span class='ocrx_word' id='word_1_178' title='bbox 857 2115 990 2159; x_wconf 90' lang='grc' dir='ltr'>καιροῖς</span> 
     </span>
     <span class='ocr_line' id='line_1_35' title="bbox 277 2168 991 2215; baseline 0 -12"><span class='ocrx_word' id='word_1_179' title='bbox 277 2170 355 2213; x_wconf 89' lang='grc'><strong>537,</strong></span> <span class='ocrx_word' id='word_1_180' title='bbox 374 2176 403 2203; x_wconf 93' lang='lat'>9.</span> <span class='ocrx_word' id='word_1_181' title='bbox 449 2168 509 2206; x_wconf 87' lang='grc' dir='ltr'>τὰς</span> <span class='ocrx_word' id='word_1_182' title='bbox 540 2168 804 2215; x_wconf 85' lang='grc' dir='ltr'>κατεπειγούσας</span> <span class='ocrx_word' id='word_1_183' title='bbox 827 2169 870 2215; x_wconf 76' lang='grc' dir='ltr'>τῇ</span> <span class='ocrx_word' id='word_1_184' title='bbox 891 2169 991 2204; x_wconf 84' lang='grc' dir='ltr'>πόλει</span> 
     </span>
     <span class='ocr_line' id='line_1_36' title="bbox 274 2225 531 2273; baseline -0.008 -13"><span class='ocrx_word' id='word_1_185' title='bbox 274 2225 390 2273; x_wconf 85' lang='grc' dir='ltr'>χρείας</span> <span class='ocrx_word' id='word_1_186' title='bbox 414 2226 494 2269; x_wconf 89' lang='grc'><strong>764,</strong></span> <span class='ocrx_word' id='word_1_187' title='bbox 515 2232 531 2259; x_wconf 86' lang='grc'>3</span> 
     </span>
    </p>

    <p class='ocr_par' dir='ltr' id='par_1_6' title="bbox 228 2281 992 2613">
     <span class='ocr_line' id='line_1_37' title="bbox 228 2281 989 2329; baseline -0.001 -12"><span class='ocrx_word' id='word_1_188' title='bbox 228 2283 456 2329; x_wconf 78' lang='grc' dir='ltr'>κατέρχομαι·</span> <span class='ocrx_word' id='word_1_189' title='bbox 488 2285 563 2320; x_wconf 85' lang='grc' dir='ltr'>τοῖς</span> <span class='ocrx_word' id='word_1_190' title='bbox 592 2281 852 2317; x_wconf 85' lang='grc' dir='ltr'>κατελθόντεσσι</span> <span class='ocrx_word' id='word_1_191' title='bbox 884 2283 916 2326; x_wconf 93' lang='grc'>2,</span> <span class='ocrx_word' id='word_1_192' title='bbox 935 2290 989 2317; x_wconf 81' lang='grc'>24.</span> 
     </span>
     <span class='ocr_line' id='line_1_38' title="bbox 278 2338 988 2385; baseline -0.003 -10"><span class='ocrx_word' id='word_1_193' title='bbox 278 2348 332 2375; x_wconf 85' lang='grc'>36.</span> <span class='ocrx_word' id='word_1_194' title='bbox 349 2347 404 2374; x_wconf 86' lang='grc'>41.</span> <span class='ocrx_word' id='word_1_195' title='bbox 423 2346 477 2374; x_wconf 87' lang='grc'>42.</span> <span class='ocrx_word' id='word_1_196' title='bbox 517 2344 566 2373; x_wconf 82' lang='grc' dir='ltr'>τῶ</span> <span class='ocrx_word' id='word_1_197' title='bbox 590 2338 886 2385; x_wconf 84' lang='grc' dir='ltr'>κατεληλύθοντος</span> <span class='ocrx_word' id='word_1_198' title='bbox 907 2341 939 2383; x_wconf 88' lang='grc'>2,</span> <span class='ocrx_word' id='word_1_199' title='bbox 959 2347 988 2374; x_wconf 86' lang='grc'>9.</span> 
     </span>
     <span class='ocr_line' id='line_1_39' title="bbox 275 2395 991 2442; baseline 0 -12"><span class='ocrx_word' id='word_1_200' title='bbox 275 2403 338 2431; x_wconf 82' lang='grc' dir='ltr'>τῶι</span> <span class='ocrx_word' id='word_1_201' title='bbox 354 2395 622 2442; x_wconf 85' lang='grc' dir='ltr'>κατεληλύθοντι</span> <span class='ocrx_word' id='word_1_202' title='bbox 645 2398 678 2440; x_wconf 89' lang='grc'>2,</span> <span class='ocrx_word' id='word_1_203' title='bbox 699 2404 727 2432; x_wconf 93' lang='lat'>1.</span> <span class='ocrx_word' id='word_1_204' title='bbox 747 2403 778 2431; x_wconf 88' lang='lat'>2.</span> <span class='ocrx_word' id='word_1_205' title='bbox 817 2402 884 2431; x_wconf 84' lang='grc' dir='ltr'>τῶν</span> <span class='ocrx_word' id='word_1_206' title='bbox 909 2409 991 2431; x_wconf 86' lang='grc' dir='ltr'>κατ-</span> 
     </span>
     <span class='ocr_line' id='line_1_40' title="bbox 276 2448 992 2501; baseline 0 -14"><span class='ocrx_word' id='word_1_207' title='bbox 276 2452 516 2498; x_wconf 82' lang='grc' dir='ltr'>εληλυθόντων</span> <span class='ocrx_word' id='word_1_208' title='bbox 542 2454 573 2496; x_wconf 92' lang='grc'>2,</span> <span class='ocrx_word' id='word_1_209' title='bbox 594 2460 624 2488; x_wconf 85' lang='grc'>3.</span> <span class='ocrx_word' id='word_1_210' title='bbox 673 2453 708 2488; x_wconf 89' lang='grc' dir='ltr'>έν</span> <span class='ocrx_word' id='word_1_211' title='bbox 733 2448 757 2501; x_wconf 73' lang='grc' dir='ltr'><em>ᾗ</em></span> <span class='ocrx_word' id='word_1_212' title='bbox 788 2452 922 2499; x_wconf 81' lang='grc' dir='ltr'>(ἡμέρᾳ)</span> <span class='ocrx_word' id='word_1_213' title='bbox 944 2472 992 2478; x_wconf 93' lang='grc'>--</span> 
     </span>
     <span class='ocr_line' id='line_1_41' title="bbox 277 2507 990 2556; baseline -0.001 -11"><span class='ocrx_word' id='word_1_214' title='bbox 277 2510 296 2545; x_wconf 83' lang='grc' dir='ltr'><strong>ὁ</strong></span> <span class='ocrx_word' id='word_1_215' title='bbox 321 2508 477 2556; x_wconf 86' lang='grc' dir='ltr'>βασιλεὺς</span> <span class='ocrx_word' id='word_1_216' title='bbox 493 2507 653 2548; x_wconf 84' lang='grc' dir='ltr'>Ἄτταλος</span> <span class='ocrx_word' id='word_1_217' title='bbox 675 2508 884 2555; x_wconf 88' lang='grc' dir='ltr'>Φιλομήτωρ</span> <span class='ocrx_word' id='word_1_218' title='bbox 909 2522 990 2544; x_wconf 89' lang='grc' dir='ltr'>κατ-</span> 
     </span>
     <span class='ocr_line' id='line_1_42' title="bbox 275 2565 830 2613; baseline 0.002 -13"><span class='ocrx_word' id='word_1_219' title='bbox 275 2566 384 2613; x_wconf 86' lang='grc' dir='ltr'>ῆλθεν</span> <span class='ocrx_word' id='word_1_220' title='bbox 409 2566 457 2605; x_wconf 82' lang='grc' dir='ltr'>εἰς</span> <span class='ocrx_word' id='word_1_221' title='bbox 479 2566 542 2612; x_wconf 83' lang='grc' dir='ltr'>τὴν</span> <span class='ocrx_word' id='word_1_222' title='bbox 567 2565 667 2600; x_wconf 84' lang='grc' dir='ltr'>πόλιν</span> <span class='ocrx_word' id='word_1_223' title='bbox 693 2567 770 2610; x_wconf 82' lang='grc'><strong>764,</strong></span> <span class='ocrx_word' id='word_1_224' title='bbox 790 2574 830 2601; x_wconf 89' lang='grc' dir='ltr'>3ο</span> 
     </span>
    </p>

    <p class='ocr_par' dir='ltr' id='par_1_7' title="bbox 230 2622 991 2727">
     <span class='ocr_line' id='line_1_43' title="bbox 230 2622 991 2671; baseline 0 -13"><span class='ocrx_word' id='word_1_225' title='bbox 230 2622 478 2671; x_wconf 84' lang='grc' dir='ltr'>κατευφημέω·</span> <span class='ocrx_word' id='word_1_226' title='bbox 506 2622 584 2668; x_wconf 90' lang='grc' dir='ltr'>περί</span> <span class='ocrx_word' id='word_1_227' title='bbox 614 2635 651 2657; x_wconf 90' lang='grc' dir='ltr'>τε</span> <span class='ocrx_word' id='word_1_228' title='bbox 675 2625 736 2661; x_wconf 86' lang='grc' dir='ltr'>τᾶς</span> <span class='ocrx_word' id='word_1_229' title='bbox 761 2622 847 2661; x_wconf 78' lang='grc' dir='ltr'>ἰδίας</span> <span class='ocrx_word' id='word_1_230' title='bbox 874 2623 991 2669; x_wconf 82' lang='grc' dir='ltr'>πατρί-</span> 
     </span>
     <span class='ocr_line' id='line_1_44' title="bbox 278 2680 908 2727; baseline -0.002 -12"><span class='ocrx_word' id='word_1_231' title='bbox 278 2681 337 2719; x_wconf 89' lang='grc' dir='ltr'>δος</span> <span class='ocrx_word' id='word_1_232' title='bbox 360 2680 473 2715; x_wconf 84' lang='grc' dir='ltr'>πολλὰ</span> <span class='ocrx_word' id='word_1_233' title='bbox 497 2680 745 2727; x_wconf 81' lang='grc' dir='ltr'>κατευφάμηκε</span> <span class='ocrx_word' id='word_1_234' title='bbox 770 2681 848 2723; x_wconf 89' lang='grc'><strong>234,</strong></span> <span class='ocrx_word' id='word_1_235' title='bbox 871 2688 908 2714; x_wconf 85' lang='grc'>18</span> 
     </span>
    </p>

    <p class='ocr_par' dir='ltr' id='par_1_8' title="bbox 231 2736 991 2843">
     <span class='ocr_line' id='line_1_45' title="bbox 231 2736 991 2786; baseline -0.001 -14"><span class='ocrx_word' id='word_1_236' title='bbox 231 2738 400 2786; x_wconf 88' lang='grc' dir='ltr'>κατευχή·</span> <span class='ocrx_word' id='word_1_237' title='bbox 441 2736 526 2784; x_wconf 80' lang='grc' dir='ltr'>μετὰ</span> <span class='ocrx_word' id='word_1_238' title='bbox 558 2738 595 2771; x_wconf 87' lang='grc' dir='ltr'>τὸ</span> <span class='ocrx_word' id='word_1_239' title='bbox 631 2736 898 2782; x_wconf 80' lang='grc' dir='ltr'>συντελεσθῆναι</span> <span class='ocrx_word' id='word_1_240' title='bbox 931 2737 991 2775; x_wconf 82' lang='grc' dir='ltr'>τὰς</span> 
     </span>
     <span class='ocr_line' id='line_1_46' title="bbox 277 2794 920 2843; baseline -0.002 -14"><span class='ocrx_word' id='word_1_241' title='bbox 277 2794 449 2843; x_wconf 83' lang='grc' dir='ltr'>κατευχὰς</span> <span class='ocrx_word' id='word_1_242' title='bbox 471 2795 530 2829; x_wconf 89' lang='grc' dir='ltr'>καὶ</span> <span class='ocrx_word' id='word_1_243' title='bbox 551 2794 613 2833; x_wconf 82' lang='grc' dir='ltr'>τὰς</span> <span class='ocrx_word' id='word_1_244' title='bbox 637 2794 783 2833; x_wconf 86' lang='grc' dir='ltr'>σπονδάς</span> <span class='ocrx_word' id='word_1_245' title='bbox 807 2795 885 2838; x_wconf 90' lang='grc'><strong>309,</strong></span> <span class='ocrx_word' id='word_1_246' title='bbox 904 2802 920 2828; x_wconf 98' lang='grc'><strong>7</strong></span> 
     </span>
    </p>

    <p class='ocr_par' dir='ltr' id='par_1_9' title="bbox 232 2850 991 2955">
     <span class='ocr_line' id='line_1_47' title="bbox 232 2850 990 2900; baseline 0 -15"><span class='ocrx_word' id='word_1_247' title='bbox 232 2852 387 2899; x_wconf 83' lang='grc' dir='ltr'>κατέχω·</span> <span class='ocrx_word' id='word_1_248' title='bbox 419 2851 504 2900; x_wconf 89' lang='grc' dir='ltr'>μέρη</span> <span class='ocrx_word' id='word_1_249' title='bbox 535 2857 603 2886; x_wconf 87' lang='grc' dir='ltr'>τῶν</span> <span class='ocrx_word' id='word_1_250' title='bbox 634 2850 856 2899; x_wconf 76' lang='grc' dir='ltr'>ὑπαρχόντων</span> <span class='ocrx_word' id='word_1_251' title='bbox 887 2850 990 2886; x_wconf 77' lang='grc' dir='ltr'>αὐτοῦ</span> 
     </span>
     <span class='ocr_line' id='line_1_48' title="bbox 277 2907 991 2955; baseline 0 -12"><span class='ocrx_word' id='word_1_252' title='bbox 277 2909 436 2955; x_wconf 82' lang='grc' dir='ltr'>κατέχειν</span> <span class='ocrx_word' id='word_1_253' title='bbox 479 2907 514 2943; x_wconf 85' lang='grc' dir='ltr'>ἐν</span> <span class='ocrx_word' id='word_1_254' title='bbox 554 2913 626 2947; x_wconf 88' lang='grc' dir='ltr'>τοῖς</span> <span class='ocrx_word' id='word_1_255' title='bbox 673 2907 847 2954; x_wconf 80' lang='grc' dir='ltr'>δημοσίοις</span> <span class='ocrx_word' id='word_1_256' title='bbox 884 2920 991 2955; x_wconf 88' lang='grc' dir='ltr'>γραμ-</span> 
     </span>
    </p>
   </div>
   <div class='ocr_carea' id='block_1_3' title="bbox 937 148 1088 182">
    <p class='ocr_par' dir='ltr' id='par_1_10' title="bbox 937 148 1088 182">
     <span class='ocr_line' id='line_1_49' title="bbox 937 148 1088 182; baseline 0.007 -1"><span class='ocrx_word' id='word_1_257' title='bbox 937 148 1088 182; x_wconf 85' lang='lat' dir='ltr'><strong>Indices.</strong></span> 
     </span>
    </p>
   </div>
   <div class='ocr_carea' id='block_1_4' title="bbox 1051 284 1858 2840">
    <p class='ocr_par' dir='ltr' id='par_1_11' title="bbox 1051 284 1858 2839">
     <span class='ocr_line' id='line_1_50' title="bbox 1098 284 1811 333; baseline -0.001 -13"><span class='ocrx_word' id='word_1_258' title='bbox 1098 284 1368 332; x_wconf 82' lang='grc' dir='ltr'>ματοφυλακίοις</span> <span class='ocrx_word' id='word_1_259' title='bbox 1402 286 1481 329; x_wconf 87' lang='grc'><strong>669,</strong></span> <span class='ocrx_word' id='word_1_260' title='bbox 1505 293 1560 320; x_wconf 87' lang='lat'>23.</span> <span class='ocrx_word' id='word_1_261' title='bbox 1604 285 1811 333; x_wconf 83' lang='grc' dir='ltr'>κατέχεσθαι</span> 
     </span>
     <span class='ocr_line' id='line_1_51' title="bbox 1096 341 1810 388; baseline -0.001 -10"><span class='ocrx_word' id='word_1_262' title='bbox 1096 343 1200 378; x_wconf 74' lang='grc' dir='ltr'>αὐτοῦ</span> <span class='ocrx_word' id='word_1_263' title='bbox 1231 343 1270 377; x_wconf 86' lang='grc' dir='ltr'>τὸ</span> <span class='ocrx_word' id='word_1_264' title='bbox 1301 341 1410 388; x_wconf 85' lang='grc' dir='ltr'>ὄνομα</span> <span class='ocrx_word' id='word_1_265' title='bbox 1440 343 1518 387; x_wconf 82' lang='grc'><strong>669,</strong></span> <span class='ocrx_word' id='word_1_266' title='bbox 1542 349 1596 378; x_wconf 86' lang='grc'>22.</span> <span class='ocrx_word' id='word_1_267' title='bbox 1642 343 1810 388; x_wconf 86' lang='grc' dir='ltr'>ὀνόματος</span> 
     </span>
     <span class='ocr_line' id='line_1_52' title="bbox 1095 399 1810 448; baseline -0.001 -13"><span class='ocrx_word' id='word_1_268' title='bbox 1095 399 1354 448; x_wconf 85' lang='grc' dir='ltr'>κατεσχημένου</span> <span class='ocrx_word' id='word_1_269' title='bbox 1386 400 1464 444; x_wconf 88' lang='grc'><strong>669,</strong></span> <span class='ocrx_word' id='word_1_270' title='bbox 1487 406 1540 435; x_wconf 81' lang='lat'>23.</span> <span class='ocrx_word' id='word_1_271' title='bbox 1588 399 1638 446; x_wconf 82' lang='grc' dir='ltr'>μὴ</span> <span class='ocrx_word' id='word_1_272' title='bbox 1667 412 1810 447; x_wconf 85' lang='grc' dir='ltr'>κατεχο-</span> 
     </span>
     <span class='ocr_line' id='line_1_53' title="bbox 1098 456 1644 503; baseline 0 -11"><span class='ocrx_word' id='word_1_273' title='bbox 1098 457 1202 503; x_wconf 85' lang='grc' dir='ltr'>μένου</span> <span class='ocrx_word' id='word_1_274' title='bbox 1227 459 1287 492; x_wconf 78' lang='grc' dir='ltr'>τοῦ</span> <span class='ocrx_word' id='word_1_275' title='bbox 1313 456 1481 502; x_wconf 87' lang='grc' dir='ltr'>ὀνόματος</span> <span class='ocrx_word' id='word_1_276' title='bbox 1505 457 1584 501; x_wconf 89' lang='grc'><strong>669,</strong></span> <span class='ocrx_word' id='word_1_277' title='bbox 1603 464 1644 492; x_wconf 82' lang='grc'>24</span> 
     </span>
     <span class='ocr_line' id='line_1_54' title="bbox 1051 513 1811 562; baseline -0.001 -12"><span class='ocrx_word' id='word_1_278' title='bbox 1051 514 1264 562; x_wconf 85' lang='grc' dir='ltr'>κατηγορέω·</span> <span class='ocrx_word' id='word_1_279' title='bbox 1309 513 1432 560; x_wconf 84' lang='grc' dir='ltr'>μηκέτι</span> <span class='ocrx_word' id='word_1_280' title='bbox 1467 513 1592 555; x_wconf 74' lang='grc' dir='ltr'>ἐξεῖναι</span> <span class='ocrx_word' id='word_1_281' title='bbox 1626 513 1721 560; x_wconf 80' lang='grc' dir='ltr'>αύτῷ</span> <span class='ocrx_word' id='word_1_282' title='bbox 1749 527 1811 549; x_wconf 83' lang='grc' dir='ltr'>κα-</span> 
     </span>
     <span class='ocr_line' id='line_1_55' title="bbox 1097 571 1812 619; baseline 0.001 -14"><span class='ocrx_word' id='word_1_283' title='bbox 1097 574 1254 619; x_wconf 82' lang='grc' dir='ltr'>τηγορεῖν</span> <span class='ocrx_word' id='word_1_284' title='bbox 1295 571 1373 615; x_wconf 86' lang='grc'><strong>669,</strong></span> <span class='ocrx_word' id='word_1_285' title='bbox 1398 577 1451 606; x_wconf 82' lang='grc'>42.</span> <span class='ocrx_word' id='word_1_286' title='bbox 1515 571 1533 606; x_wconf 82' lang='grc' dir='ltr'><strong>ὁ</strong></span> <span class='ocrx_word' id='word_1_287' title='bbox 1573 571 1812 618; x_wconf 82' lang='grc' dir='ltr'>κατηγορήσας</span> 
     </span>
     <span class='ocr_line' id='line_1_56' title="bbox 1101 630 1239 673; baseline 0 -11"><span class='ocrx_word' id='word_1_288' title='bbox 1101 630 1178 673; x_wconf 87' lang='grc'><strong>218,</strong></span> <span class='ocrx_word' id='word_1_289' title='bbox 1199 637 1239 663; x_wconf 84' lang='lat'><strong>95</strong></span> 
     </span>
     <span class='ocr_line' id='line_1_57' title="bbox 1052 685 1806 732; baseline -0.003 -11"><span class='ocrx_word' id='word_1_290' title='bbox 1052 687 1242 732; x_wconf 81' lang='grc' dir='ltr'>κατήγορος</span> <span class='ocrx_word' id='word_1_291' title='bbox 1267 686 1345 730; x_wconf 87' lang='grc'><strong>669,</strong></span> <span class='ocrx_word' id='word_1_292' title='bbox 1364 693 1418 722; x_wconf 80' lang='lat'>39.</span> <span class='ocrx_word' id='word_1_293' title='bbox 1456 685 1643 732; x_wconf 82' lang='grc' dir='ltr'>κατήγοροι</span> <span class='ocrx_word' id='word_1_294' title='bbox 1671 687 1750 730; x_wconf 83' lang='grc'><strong>669,</strong></span> <span class='ocrx_word' id='word_1_295' title='bbox 1768 693 1806 720; x_wconf 81' lang='grc'>41</span> 
     </span>
     <span class='ocr_line' id='line_1_58' title="bbox 1053 740 1812 789; baseline 0 -13"><span class='ocrx_word' id='word_1_296' title='bbox 1053 742 1243 779; x_wconf 83' lang='grc' dir='ltr'>κατοικέω·</span> <span class='ocrx_word' id='word_1_297' title='bbox 1267 748 1335 778; x_wconf 84' lang='grc' dir='ltr'>τῶν</span> <span class='ocrx_word' id='word_1_298' title='bbox 1361 743 1396 778; x_wconf 85' lang='grc' dir='ltr'>ἐν</span> <span class='ocrx_word' id='word_1_299' title='bbox 1415 740 1590 789; x_wconf 84' lang='grc' dir='ltr'>Ναυλόχῳ</span> <span class='ocrx_word' id='word_1_300' title='bbox 1614 742 1812 778; x_wconf 86' lang='grc' dir='ltr'>κατοικούν-</span> 
     </span>
     <span class='ocr_line' id='line_1_59' title="bbox 1099 799 1811 843; baseline -0.003 -8"><span class='ocrx_word' id='word_1_301' title='bbox 1099 814 1167 835; x_wconf 90' lang='grc' dir='ltr'>των</span> <span class='ocrx_word' id='word_1_302' title='bbox 1195 802 1226 843; x_wconf 93' lang='grc'>1,</span> <span class='ocrx_word' id='word_1_303' title='bbox 1244 807 1274 835; x_wconf 89' lang='grc'>2.</span> <span class='ocrx_word' id='word_1_304' title='bbox 1295 808 1324 836; x_wconf 89' lang='grc'>3.</span> <span class='ocrx_word' id='word_1_305' title='bbox 1363 799 1444 839; x_wconf 89' lang='grc' dir='ltr'>τοὺς</span> <span class='ocrx_word' id='word_1_306' title='bbox 1460 800 1498 834; x_wconf 84' lang='grc' dir='ltr'>δὲ</span> <span class='ocrx_word' id='word_1_307' title='bbox 1513 802 1757 838; x_wconf 79' lang='grc' dir='ltr'>κατοικοῦντας</span> <span class='ocrx_word' id='word_1_308' title='bbox 1776 800 1811 834; x_wconf 85' lang='grc' dir='ltr'>ἐν</span> 
     </span>
     <span class='ocr_line' id='line_1_60' title="bbox 1099 852 1858 903; baseline -0.003 -11"><span class='ocrx_word' id='word_1_309' title='bbox 1099 862 1175 896; x_wconf 90' lang='grc' dir='ltr'>ταῖς</span> <span class='ocrx_word' id='word_1_310' title='bbox 1191 859 1327 903; x_wconf 84' lang='grc' dir='ltr'>κώμαις</span> <span class='ocrx_word' id='word_1_311' title='bbox 1342 856 1478 895; x_wconf 87' lang='grc' dir='ltr'>ταύταις</span> <span class='ocrx_word' id='word_1_312' title='bbox 1500 859 1528 900; x_wconf 88' lang='grc'>1,</span> <span class='ocrx_word' id='word_1_313' title='bbox 1550 864 1601 892; x_wconf 90' lang='grc'>11.</span> <span class='ocrx_word' id='word_1_314' title='bbox 1622 863 1674 892; x_wconf 90' lang='lat'>12.</span> <span class='ocrx_word' id='word_1_315' title='bbox 1712 852 1814 902; x_wconf 85' lang='grc' dir='ltr'>Ἐφε-</span> <span class='ocrx_word' id='word_1_316' title='bbox 1854 858 1858 866; x_wconf 93' lang='grc'><em>“</em></span> 
     </span>
     <span class='ocr_line' id='line_1_61' title="bbox 1102 910 1858 965; baseline -0.003 -16"><span class='ocrx_word' id='word_1_317' title='bbox 1102 916 1182 950; x_wconf 90' lang='grc' dir='ltr'>σίων</span> <span class='ocrx_word' id='word_1_318' title='bbox 1198 915 1257 950; x_wconf 92' lang='grc' dir='ltr'>καὶ</span> <span class='ocrx_word' id='word_1_319' title='bbox 1271 919 1340 949; x_wconf 80' lang='grc' dir='ltr'>τῶν</span> <span class='ocrx_word' id='word_1_320' title='bbox 1357 913 1609 949; x_wconf 80' lang='grc' dir='ltr'>κατοικούντων</span> <span class='ocrx_word' id='word_1_321' title='bbox 1627 914 1662 948; x_wconf 86' lang='grc' dir='ltr'>έν</span> <span class='ocrx_word' id='word_1_322' title='bbox 1674 910 1813 959; x_wconf 82' lang='grc' dir='ltr'>Ἐφέσῳ</span> <span class='ocrx_word' id='word_1_323' title='bbox 1855 959 1858 965; x_wconf 37' lang='grc' dir='ltr'>Ι</span> 
     </span>
     <span class='ocr_line' id='line_1_62' title="bbox 1100 969 1858 1017; baseline -0.003 -11"><span class='ocrx_word' id='word_1_324' title='bbox 1100 973 1179 1017; x_wconf 87' lang='grc'><strong>437,</strong></span> <span class='ocrx_word' id='word_1_325' title='bbox 1200 979 1254 1006; x_wconf 90' lang='grc'>66.</span> <span class='ocrx_word' id='word_1_326' title='bbox 1286 970 1482 1017; x_wconf 79' lang='grc' dir='ltr'>Σαρδιανῶν</span> <span class='ocrx_word' id='word_1_327' title='bbox 1500 970 1625 1016; x_wconf 81' lang='grc' dir='ltr'>μηθεὶς</span> <span class='ocrx_word' id='word_1_328' title='bbox 1641 969 1731 1016; x_wconf 89' lang='grc' dir='ltr'>μηδὲ</span> <span class='ocrx_word' id='word_1_329' title='bbox 1745 975 1814 1005; x_wconf 80' lang='grc' dir='ltr'>τῶν</span> <span class='ocrx_word' id='word_1_330' title='bbox 1854 989 1858 995; x_wconf 87' lang='lat'>.</span> 
     </span>
     <span class='ocr_line' id='line_1_63' title="bbox 1101 1026 1814 1076; baseline -0.004 -12"><span class='ocrx_word' id='word_1_331' title='bbox 1101 1028 1351 1064; x_wconf 82' lang='grc' dir='ltr'>κατοικούντων</span> <span class='ocrx_word' id='word_1_332' title='bbox 1387 1028 1422 1063; x_wconf 86' lang='grc' dir='ltr'>έν</span> <span class='ocrx_word' id='word_1_333' title='bbox 1460 1026 1622 1076; x_wconf 81' lang='grc' dir='ltr'>Σάρδεσιν</span> <span class='ocrx_word' id='word_1_334' title='bbox 1656 1028 1736 1072; x_wconf 87' lang='grc'><strong>437,</strong></span> <span class='ocrx_word' id='word_1_335' title='bbox 1761 1035 1814 1062; x_wconf 88' lang='grc' dir='ltr'>7ο.</span> 
     </span>
     <span class='ocr_line' id='line_1_64' title="bbox 1102 1079 1858 1133; baseline -0.001 -13"><span class='ocrx_word' id='word_1_336' title='bbox 1102 1087 1191 1131; x_wconf 82' lang='grc' dir='ltr'>πλὴν</span> <span class='ocrx_word' id='word_1_337' title='bbox 1228 1085 1258 1120; x_wconf 80' lang='grc' dir='ltr'>εἴ</span> <span class='ocrx_word' id='word_1_338' title='bbox 1289 1097 1338 1124; x_wconf 90' lang='grc' dir='ltr'>τις</span> <span class='ocrx_word' id='word_1_339' title='bbox 1371 1084 1552 1133; x_wconf 83' lang='grc' dir='ltr'>ἐτύγχανεν</span> <span class='ocrx_word' id='word_1_340' title='bbox 1584 1081 1665 1131; x_wconf 78' lang='grc' dir='ltr'>παρ’</span> <span class='ocrx_word' id='word_1_341' title='bbox 1699 1083 1816 1123; x_wconf 76' lang='grc' dir='ltr'>αὐτοῖς</span> <span class='ocrx_word' id='word_1_342' title='bbox 1856 1079 1858 1101; x_wconf 72' lang='lat'>³</span> 
     </span>
     <span class='ocr_line' id='line_1_65' title="bbox 1102 1140 1858 1187; baseline -0.004 -9"><span class='ocrx_word' id='word_1_343' title='bbox 1102 1148 1271 1178; x_wconf 82' lang='grc' dir='ltr'>κατοικῶν</span> <span class='ocrx_word' id='word_1_344' title='bbox 1291 1143 1344 1187; x_wconf 90' lang='grc'>13,</span> <span class='ocrx_word' id='word_1_345' title='bbox 1365 1150 1404 1177; x_wconf 90' lang='lat'>19</span> <span class='ocrx_word' id='word_1_346' title='bbox 1423 1144 1467 1177; x_wconf 82' lang='lat' dir='ltr'>al.</span> <span class='ocrx_word' id='word_1_347' title='bbox 1507 1141 1711 1178; x_wconf 64' lang='lat' dir='ltr'><strong><em>transitive:</em></strong></span> <span class='ocrx_word' id='word_1_348' title='bbox 1735 1141 1815 1179; x_wconf 82' lang='grc' dir='ltr'>τοὺς</span> <span class='ocrx_word' id='word_1_349' title='bbox 1852 1140 1858 1187; x_wconf 62' lang='lat' dir='ltr'>j</span> 
     </span>
     <span class='ocr_line' id='line_1_66' title="bbox 1102 1192 1858 1247; baseline -0.004 -11"><span class='ocrx_word' id='word_1_350' title='bbox 1102 1201 1165 1246; x_wconf 82' lang='grc' dir='ltr'>τὴν</span> <span class='ocrx_word' id='word_1_351' title='bbox 1183 1198 1357 1247; x_wconf 79' lang='grc' dir='ltr'>Αἴγυπτον</span> <span class='ocrx_word' id='word_1_352' title='bbox 1373 1203 1617 1237; x_wconf 77' lang='grc' dir='ltr'>κατοικοῦντας</span> <span class='ocrx_word' id='word_1_353' title='bbox 1642 1200 1696 1242; x_wconf 87' lang='grc'>56,</span> <span class='ocrx_word' id='word_1_354' title='bbox 1712 1205 1751 1233; x_wconf 87' lang='lat'>18</span> <span class='ocrx_word' id='word_1_355' title='bbox 1770 1199 1815 1233; x_wconf 72' lang='lat' dir='ltr'>al.</span> <span class='ocrx_word' id='word_1_356' title='bbox 1851 1192 1858 1242; x_wconf 65' lang='grc' dir='ltr'>ἑ</span> 
     </span>
     <span class='ocr_line' id='line_1_67' title="bbox 1105 1253 1813 1302; baseline -0.006 -9"><span class='ocrx_word' id='word_1_357' title='bbox 1105 1258 1136 1292; x_wconf 85' lang='grc' dir='ltr'>οἱ</span> <span class='ocrx_word' id='word_1_358' title='bbox 1170 1260 1411 1295; x_wconf 84' lang='grc' dir='ltr'>κατοικοῦντες</span> <span class='ocrx_word' id='word_1_359' title='bbox 1445 1256 1508 1302; x_wconf 84' lang='grc' dir='ltr'>τὴν</span> <span class='ocrx_word' id='word_1_360' title='bbox 1538 1260 1642 1302; x_wconf 90' lang='grc' dir='ltr'>νῆσον</span> <span class='ocrx_word' id='word_1_361' title='bbox 1678 1253 1813 1301; x_wconf 70' lang='grc' dir='ltr'>(Δῆλον)</span> 
     </span>
     <span class='ocr_line' id='line_1_68' title="bbox 1105 1316 1858 1376; baseline -0.003 -28"><span class='ocrx_word' id='word_1_362' title='bbox 1105 1316 1183 1359; x_wconf 78' lang='lat'><strong>417,</strong></span> <span class='ocrx_word' id='word_1_363' title='bbox 1203 1321 1220 1348; x_wconf 90' lang='lat'><strong>2</strong></span> <span class='ocrx_word' id='word_1_364' title='bbox 1848 1345 1858 1376; x_wconf 45' lang='grc' dir='ltr'>γ</span> 
     </span>
     <span class='ocr_line' id='line_1_69' title="bbox 1056 1370 1858 1418; baseline -0.004 -11"><span class='ocrx_word' id='word_1_365' title='bbox 1056 1371 1327 1417; x_wconf 84' lang='grc' dir='ltr'>κατοικονομέω·</span> <span class='ocrx_word' id='word_1_366' title='bbox 1356 1370 1469 1406; x_wconf 80' lang='grc' dir='ltr'>πάντα</span> <span class='ocrx_word' id='word_1_367' title='bbox 1500 1370 1816 1417; x_wconf 73' lang='grc' dir='ltr'>κατῳκονομήσατο</span> <span class='ocrx_word' id='word_1_368' title='bbox 1847 1375 1858 1418; x_wconf 64' lang='grc' dir='ltr'>ξ</span> 
     </span>
     <span class='ocr_line' id='line_1_70' title="bbox 1106 1426 1858 1475; baseline -0.005 -11"><span class='ocrx_word' id='word_1_369' title='bbox 1106 1429 1123 1464; x_wconf 79' lang='grc' dir='ltr'>ὁ</span> <span class='ocrx_word' id='word_1_370' title='bbox 1148 1428 1259 1474; x_wconf 87' lang='grc' dir='ltr'>δῆμος</span> <span class='ocrx_word' id='word_1_371' title='bbox 1289 1427 1345 1462; x_wconf 85' lang='grc' dir='ltr'>διὰ</span> <span class='ocrx_word' id='word_1_372' title='bbox 1373 1432 1436 1475; x_wconf 84' lang='grc' dir='ltr'>τῆς</span> <span class='ocrx_word' id='word_1_373' title='bbox 1464 1432 1532 1462; x_wconf 84' lang='grc' dir='ltr'>τῶν</span> <span class='ocrx_word' id='word_1_374' title='bbox 1562 1426 1816 1473; x_wconf 81' lang='grc' dir='ltr'>πρεσβευόντων</span> <span class='ocrx_word' id='word_1_375' title='bbox 1848 1428 1858 1467; x_wconf 61' lang='lat' dir='ltr'><strong>f</strong></span> 
     </span>
     <span class='ocr_line' id='line_1_71' title="bbox 1103 1484 1482 1529; baseline -0.005 -8"><span class='ocrx_word' id='word_1_376' title='bbox 1103 1484 1320 1524; x_wconf 77' lang='grc' dir='ltr'>κακοπαθίας</span> <span class='ocrx_word' id='word_1_377' title='bbox 1345 1485 1423 1529; x_wconf 88' lang='grc'><strong>339,</strong></span> <span class='ocrx_word' id='word_1_378' title='bbox 1442 1491 1482 1519; x_wconf 88' lang='grc'><strong>23</strong></span> 
     </span>
     <span class='ocr_line' id='line_1_72' title="bbox 1058 1535 1858 1588; baseline -0.005 -10"><span class='ocrx_word' id='word_1_379' title='bbox 1058 1543 1235 1581; x_wconf 82' lang='grc' dir='ltr'>κάτοικος·</span> <span class='ocrx_word' id='word_1_380' title='bbox 1267 1541 1423 1577; x_wconf 82' lang='grc' dir='ltr'>κᾶτοικοι</span> <span class='ocrx_word' id='word_1_381' title='bbox 1448 1542 1526 1586; x_wconf 89' lang='grc'><strong>338,</strong></span> <span class='ocrx_word' id='word_1_382' title='bbox 1543 1549 1595 1576; x_wconf 84' lang='grc'>16.</span> <span class='ocrx_word' id='word_1_383' title='bbox 1643 1545 1711 1575; x_wconf 80' lang='grc' dir='ltr'>τῶν</span> <span class='ocrx_word' id='word_1_384' title='bbox 1735 1552 1816 1575; x_wconf 85' lang='grc' dir='ltr'>κατ·</span> <span class='ocrx_word' id='word_1_385' title='bbox 1842 1535 1858 1588; x_wconf 65' lang='lat' dir='ltr'>*j</span> 
     </span>
     <span class='ocr_line' id='line_1_73' title="bbox 1105 1595 1816 1644; baseline -0.004 -9"><span class='ocrx_word' id='word_1_386' title='bbox 1105 1599 1207 1636; x_wconf 86' lang='grc' dir='ltr'>οίκων</span> <span class='ocrx_word' id='word_1_387' title='bbox 1234 1599 1364 1634; x_wconf 82' lang='grc' dir='ltr'>ἱππέων</span> <span class='ocrx_word' id='word_1_388' title='bbox 1392 1599 1468 1643; x_wconf 88' lang='grc'><strong>128,</strong></span> <span class='ocrx_word' id='word_1_389' title='bbox 1487 1606 1518 1633; x_wconf 86' lang='grc'>4.</span> <span class='ocrx_word' id='word_1_390' title='bbox 1559 1598 1592 1633; x_wconf 81' lang='grc' dir='ltr'>οἱ</span> <span class='ocrx_word' id='word_1_391' title='bbox 1616 1598 1651 1633; x_wconf 87' lang='grc' dir='ltr'>ἐν</span> <span class='ocrx_word' id='word_1_392' title='bbox 1672 1595 1816 1644; x_wconf 87' lang='grc' dir='ltr'>Μαγνη-</span> 
     </span>
     <span class='ocr_line' id='line_1_74' title="bbox 1105 1655 1751 1703; baseline -0.006 -11"><span class='ocrx_word' id='word_1_393' title='bbox 1105 1657 1162 1703; x_wconf 82' lang='grc' dir='ltr'>σίᾳ</span> <span class='ocrx_word' id='word_1_394' title='bbox 1183 1656 1343 1692; x_wconf 82' lang='grc' dir='ltr'>κάτοικοι</span> <span class='ocrx_word' id='word_1_395' title='bbox 1367 1657 1588 1702; x_wconf 84' lang='grc' dir='ltr'>(στρατιῶται)</span> <span class='ocrx_word' id='word_1_396' title='bbox 1613 1655 1692 1698; x_wconf 87' lang='grc'><strong>229,</strong></span> <span class='ocrx_word' id='word_1_397' title='bbox 1712 1661 1751 1688; x_wconf 78' lang='grc'>14</span> 
     </span>
     <span class='ocr_line' id='line_1_75' title="bbox 1059 1709 1816 1764; baseline -0.007 -14"><span class='ocrx_word' id='word_1_398' title='bbox 1059 1716 1227 1764; x_wconf 82' lang='grc' dir='ltr'>κάτοχος·</span> <span class='ocrx_word' id='word_1_399' title='bbox 1265 1713 1298 1748; x_wconf 86' lang='grc' dir='ltr'>οἱ</span> <span class='ocrx_word' id='word_1_400' title='bbox 1332 1713 1478 1762; x_wconf 85' lang='grc' dir='ltr'>κάτοχοι</span> <span class='ocrx_word' id='word_1_401' title='bbox 1512 1711 1610 1759; x_wconf 79' lang='grc' dir='ltr'>ἁγίου</span> <span class='ocrx_word' id='word_1_402' title='bbox 1651 1709 1816 1757; x_wconf 75' lang='grc' dir='ltr'>Οὐρανίου</span> 
     </span>
     <span class='ocr_line' id='line_1_76' title="bbox 1105 1768 1816 1815; baseline -0.007 -8"><span class='ocrx_word' id='word_1_403' title='bbox 1105 1771 1186 1810; x_wconf 77' lang='grc' dir='ltr'>Διός</span> <span class='ocrx_word' id='word_1_404' title='bbox 1210 1771 1290 1815; x_wconf 86' lang='lat'><strong>262,</strong></span> <span class='ocrx_word' id='word_1_405' title='bbox 1309 1777 1349 1805; x_wconf 83' lang='lat'><strong>26</strong></span> <span class='ocrx_word' id='word_1_406' title='bbox 1377 1771 1431 1813; x_wconf 80' lang='lat' dir='ltr'><strong>(or.</strong></span> <span class='ocrx_word' id='word_1_407' title='bbox 1448 1772 1478 1804; x_wconf 93' lang='lat'><strong>11</strong></span> <span class='ocrx_word' id='word_1_408' title='bbox 1495 1770 1667 1804; x_wconf 74' lang='lat' dir='ltr'>Addenda</span> <span class='ocrx_word' id='word_1_409' title='bbox 1685 1778 1720 1812; x_wconf 85' lang='lat' dir='ltr'><strong>p.</strong></span> <span class='ocrx_word' id='word_1_410' title='bbox 1739 1768 1816 1810; x_wconf 80' lang='lat'><strong>549)</strong></span> 
     </span>
     <span class='ocr_line' id='line_1_77' title="bbox 1059 1825 1816 1876; baseline -0.005 -13"><span class='ocrx_word' id='word_1_411' title='bbox 1059 1829 1174 1864; x_wconf 77' lang='grc' dir='ltr'>κάτω’</span> <span class='ocrx_word' id='word_1_412' title='bbox 1209 1828 1288 1866; x_wconf 84' lang='grc' dir='ltr'>τοὺς</span> <span class='ocrx_word' id='word_1_413' title='bbox 1327 1827 1443 1876; x_wconf 86' lang='grc' dir='ltr'>πόρρω</span> <span class='ocrx_word' id='word_1_414' title='bbox 1474 1825 1600 1872; x_wconf 84' lang='grc' dir='ltr'>νομοὺς</span> <span class='ocrx_word' id='word_1_415' title='bbox 1628 1830 1692 1872; x_wconf 85' lang='grc' dir='ltr'>τῆς</span> <span class='ocrx_word' id='word_1_416' title='bbox 1720 1825 1816 1860; x_wconf 84' lang='grc' dir='ltr'>κάτω</span> 
     </span>
     <span class='ocr_line' id='line_1_78' title="bbox 1105 1881 1817 1933; baseline -0.007 -13"><span class='ocrx_word' id='word_1_417' title='bbox 1105 1887 1222 1933; x_wconf 81' lang='grc' dir='ltr'>χώρας</span> <span class='ocrx_word' id='word_1_418' title='bbox 1253 1885 1330 1928; x_wconf 87' lang='grc'><strong>669,</strong></span> <span class='ocrx_word' id='word_1_419' title='bbox 1355 1892 1397 1919; x_wconf 89' lang='grc'>48</span> <span class='ocrx_word' id='word_1_420' title='bbox 1429 1895 1463 1919; x_wconf 84' lang='lat' dir='ltr'>v.</span> <span class='ocrx_word' id='word_1_421' title='bbox 1489 1885 1600 1918; x_wconf 75' lang='lat' dir='ltr'><strong>etiam</strong></span> <span class='ocrx_word' id='word_1_422' title='bbox 1624 1892 1652 1916; x_wconf 79' lang='lat' dir='ltr'>s-</span> <span class='ocrx_word' id='word_1_423' title='bbox 1671 1893 1704 1916; x_wconf 83' lang='lat' dir='ltr'>v.</span> <span class='ocrx_word' id='word_1_424' title='bbox 1735 1881 1817 1916; x_wconf 80' lang='grc' dir='ltr'>ἅνω.</span> 
     </span>
     <span class='ocr_line' id='line_1_79' title="bbox 1106 1940 1660 1988; baseline -0.009 -11"><span class='ocrx_word' id='word_1_425' title='bbox 1106 1941 1296 1988; x_wconf 88' lang='grc' dir='ltr'>Γερμανίας</span> <span class='ocrx_word' id='word_1_426' title='bbox 1318 1946 1381 1988; x_wconf 84' lang='grc' dir='ltr'>τῆς</span> <span class='ocrx_word' id='word_1_427' title='bbox 1403 1940 1498 1975; x_wconf 85' lang='grc' dir='ltr'>κάτω</span> <span class='ocrx_word' id='word_1_428' title='bbox 1525 1942 1600 1983; x_wconf 87' lang='grc'><strong>543,</strong></span> <span class='ocrx_word' id='word_1_429' title='bbox 1619 1945 1660 1973; x_wconf 81' lang='lat'>29</span> 
     </span>
     <span class='ocr_line' id='line_1_80' title="bbox 1060 1999 1420 2047; baseline -0.008 -13"><span class='ocrx_word' id='word_1_430' title='bbox 1060 1999 1206 2047; x_wconf 84' lang='grc' dir='ltr'>κέγχρος</span> <span class='ocrx_word' id='word_1_431' title='bbox 1232 2001 1286 2042; x_wconf 85' lang='grc'>55,</span> <span class='ocrx_word' id='word_1_432' title='bbox 1307 2005 1361 2032; x_wconf 84' lang='lat'>15.</span> <span class='ocrx_word' id='word_1_433' title='bbox 1381 2004 1420 2031; x_wconf 89' lang='grc'>16</span> 
     </span>
     <span class='ocr_line' id='line_1_81' title="bbox 1060 2051 1818 2102; baseline -0.005 -11"><span class='ocrx_word' id='word_1_434' title='bbox 1060 2056 1181 2102; x_wconf 88' lang='grc' dir='ltr'>κείρω·</span> <span class='ocrx_word' id='word_1_435' title='bbox 1210 2055 1249 2090; x_wconf 87' lang='grc' dir='ltr'>τὸ</span> <span class='ocrx_word' id='word_1_436' title='bbox 1279 2053 1375 2089; x_wconf 84' lang='grc' dir='ltr'>θεῖον</span> <span class='ocrx_word' id='word_1_437' title='bbox 1397 2052 1548 2100; x_wconf 84' lang='grc' dir='ltr'>ἠσέβουγ</span> <span class='ocrx_word' id='word_1_438' title='bbox 1577 2051 1746 2098; x_wconf 85' lang='grc' dir='ltr'>κείροντες</span> <span class='ocrx_word' id='word_1_439' title='bbox 1775 2052 1818 2087; x_wconf 75' lang='grc' dir='ltr'>τὰ</span> 
     </span>
     <span class='ocr_line' id='line_1_82' title="bbox 1105 2111 1395 2157; baseline -0.003 -11"><span class='ocrx_word' id='word_1_440' title='bbox 1105 2111 1231 2157; x_wconf 87' lang='grc' dir='ltr'>τεμένη</span> <span class='ocrx_word' id='word_1_441' title='bbox 1258 2111 1335 2154; x_wconf 89' lang='grc'><strong>765,</strong></span> <span class='ocrx_word' id='word_1_442' title='bbox 1356 2118 1395 2145; x_wconf 90' lang='lat'><strong>10</strong></span> 
     </span>
     <span class='ocr_line' id='line_1_83' title="bbox 1059 2164 1838 2214; baseline -0.001 -11"><span class='ocrx_word' id='word_1_443' title='bbox 1059 2168 1229 2207; x_wconf 85' lang='grc' dir='ltr'>κέλευσις·</span> <span class='ocrx_word' id='word_1_444' title='bbox 1257 2168 1346 2202; x_wconf 83' lang='grc' dir='ltr'>κατὰ</span> <span class='ocrx_word' id='word_1_445' title='bbox 1369 2166 1524 2202; x_wconf 90' lang='grc' dir='ltr'>κέλευσιν</span> <span class='ocrx_word' id='word_1_446' title='bbox 1548 2165 1630 2203; x_wconf 82' lang='grc' dir='ltr'>θεοῦ</span> <span class='ocrx_word' id='word_1_447' title='bbox 1654 2164 1838 2214; x_wconf 40' lang='grc' dir='ltr'>Ὰρεμθην.</span> 
     </span>
     <span class='ocr_line' id='line_1_84' title="bbox 1106 2223 1502 2270; baseline -0.003 -11"><span class='ocrx_word' id='word_1_448' title='bbox 1106 2228 1166 2260; x_wconf 76' lang='grc' dir='ltr'>νοῦ</span> <span class='ocrx_word' id='word_1_449' title='bbox 1191 2223 1359 2270; x_wconf 78' lang='grc' dir='ltr'>ἀνέθηκεν</span> <span class='ocrx_word' id='word_1_450' title='bbox 1387 2225 1465 2268; x_wconf 88' lang='grc'><strong>589,</strong></span> <span class='ocrx_word' id='word_1_451' title='bbox 1486 2233 1502 2258; x_wconf 84' lang='grc'><strong>5</strong></span> 
     </span>
     <span class='ocr_line' id='line_1_85' title="bbox 1059 2280 1360 2326; baseline 0 -10"><span class='ocrx_word' id='word_1_452' title='bbox 1059 2281 1193 2317; x_wconf 85' lang='grc' dir='ltr'>κελεύω</span> <span class='ocrx_word' id='word_1_453' title='bbox 1213 2280 1360 2326; x_wconf 81' lang='lat' dir='ltr'><strong><em>passim</em></strong></span> 
     </span>
     <span class='ocr_line' id='line_1_86' title="bbox 1059 2339 1823 2386; baseline -0.008 -12"><span class='ocrx_word' id='word_1_454' title='bbox 1059 2339 1203 2386; x_wconf 87' lang='grc' dir='ltr'>κέλητες</span> <span class='ocrx_word' id='word_1_455' title='bbox 1229 2340 1305 2382; x_wconf 89' lang='grc'><strong>533,</strong></span> <span class='ocrx_word' id='word_1_456' title='bbox 1326 2347 1364 2374; x_wconf 90' lang='grc'>17</span> <span class='ocrx_word' id='word_1_457' title='bbox 1815 2355 1823 2363; x_wconf 62' lang='lat'><strong>2</strong></span> 
     </span>
     <span class='ocr_line' id='line_1_87' title="bbox 1060 2390 1825 2442; baseline -0.001 -11"><span class='ocrx_word' id='word_1_458' title='bbox 1060 2396 1173 2435; x_wconf 85' lang='grc' dir='ltr'>κενός·</span> <span class='ocrx_word' id='word_1_459' title='bbox 1190 2395 1351 2441; x_wconf 85' lang='grc' dir='ltr'>καμήλου</span> <span class='ocrx_word' id='word_1_460' title='bbox 1365 2396 1402 2434; x_wconf 86' lang='grc' dir='ltr'>ὃς</span> <span class='ocrx_word' id='word_1_461' title='bbox 1418 2395 1516 2433; x_wconf 87' lang='grc' dir='ltr'>κενὸς</span> <span class='ocrx_word' id='word_1_462' title='bbox 1527 2393 1673 2442; x_wconf 73' lang='grc' dir='ltr'>εἰσαχθῇ</span> <span class='ocrx_word' id='word_1_463' title='bbox 1681 2395 1804 2439; x_wconf 77' lang='grc'><strong>629,89</strong></span> <span class='ocrx_word' id='word_1_464' title='bbox 1824 2390 1825 2394; x_wconf 56' lang='grc'>’</span> 
     </span>
     <span class='ocr_line' id='line_1_88' title="bbox 1106 2450 1818 2499; baseline -0.003 -11"><span class='ocrx_word' id='word_1_465' title='bbox 1106 2453 1275 2499; x_wconf 86' lang='grc' dir='ltr'>καμήλων</span> <span class='ocrx_word' id='word_1_466' title='bbox 1301 2452 1360 2487; x_wconf 79' lang='grc' dir='ltr'>ἐάν</span> <span class='ocrx_word' id='word_1_467' title='bbox 1378 2464 1416 2486; x_wconf 89' lang='grc' dir='ltr'>τε</span> <span class='ocrx_word' id='word_1_468' title='bbox 1439 2451 1535 2486; x_wconf 88' lang='grc' dir='ltr'>κεναὶ</span> <span class='ocrx_word' id='word_1_469' title='bbox 1552 2450 1610 2486; x_wconf 82' lang='grc' dir='ltr'>ἐάν</span> <span class='ocrx_word' id='word_1_470' title='bbox 1626 2463 1663 2485; x_wconf 87' lang='grc' dir='ltr'>τε</span> <span class='ocrx_word' id='word_1_471' title='bbox 1679 2451 1818 2499; x_wconf 80' lang='grc' dir='ltr'>ἔνγομοι</span> 
     </span>
     <span class='ocr_line' id='line_1_89' title="bbox 1108 2502 1822 2557; baseline -0.006 -13"><span class='ocrx_word' id='word_1_472' title='bbox 1108 2510 1309 2557; x_wconf 80' lang='grc' dir='ltr'>είσάγωνται</span> <span class='ocrx_word' id='word_1_473' title='bbox 1331 2509 1410 2553; x_wconf 91' lang='grc'><strong>629,</strong></span> <span class='ocrx_word' id='word_1_474' title='bbox 1433 2515 1495 2543; x_wconf 86' lang='grc'>166</span> <span class='ocrx_word' id='word_1_475' title='bbox 1819 2502 1822 2503; x_wconf 44' lang='grc'>’</span> 
     </span>
     <span class='ocr_line' id='line_1_90' title="bbox 1060 2566 1420 2614; baseline -0.006 -12"><span class='ocrx_word' id='word_1_476' title='bbox 1060 2567 1282 2614; x_wconf 83' lang='grc' dir='ltr'>κεντορίωνες</span> <span class='ocrx_word' id='word_1_477' title='bbox 1308 2566 1384 2609; x_wconf 89' lang='grc'><strong>196,</strong></span> <span class='ocrx_word' id='word_1_478' title='bbox 1404 2573 1420 2600; x_wconf 85' lang='grc'><strong>9</strong></span> 
     </span>
     <span class='ocr_line' id='line_1_91' title="bbox 1061 2623 1363 2671; baseline -0.003 -13"><span class='ocrx_word' id='word_1_479' title='bbox 1061 2623 1222 2671; x_wconf 83' lang='grc' dir='ltr'>κεράμιον</span> <span class='ocrx_word' id='word_1_480' title='bbox 1247 2624 1303 2666; x_wconf 91' lang='grc'>90,</span> <span class='ocrx_word' id='word_1_481' title='bbox 1323 2630 1363 2658; x_wconf 85' lang='grc'>31</span> 
     </span>
     <span class='ocr_line' id='line_1_92' title="bbox 1060 2680 1351 2726; baseline -0.007 -11"><span class='ocrx_word' id='word_1_482' title='bbox 1060 2680 1212 2726; x_wconf 89' lang='grc' dir='ltr'>κέραμος</span> <span class='ocrx_word' id='word_1_483' title='bbox 1236 2681 1351 2723; x_wconf 85' lang='grc'><strong>46,18</strong></span> 
     </span>
     <span class='ocr_line' id='line_1_93' title="bbox 1061 2733 1801 2783; baseline -0.005 -11"><span class='ocrx_word' id='word_1_484' title='bbox 1061 2738 1164 2783; x_wconf 86' lang='grc' dir='ltr'>κέρας</span> <span class='ocrx_word' id='word_1_485' title='bbox 1191 2739 1221 2771; x_wconf 94' lang='grc'>1.</span> <span class='ocrx_word' id='word_1_486' title='bbox 1248 2746 1380 2772; x_wconf 76' lang='lat' dir='ltr'><strong><em>cornu:</em></strong></span> <span class='ocrx_word' id='word_1_487' title='bbox 1408 2736 1503 2781; x_wconf 88' lang='grc' dir='ltr'>κριὸν</span> <span class='ocrx_word' id='word_1_488' title='bbox 1527 2753 1574 2761; x_wconf 85' lang='grc'><strong>-</strong></span> <span class='ocrx_word' id='word_1_489' title='bbox 1596 2733 1801 2782; x_wconf 76' lang='grc' dir='ltr'>κεχρυσωμέ</span> 
     </span>
     <span class='ocr_line' id='line_1_94' title="bbox 1107 2789 1835 2840; baseline -0.001 -12"><span class='ocrx_word' id='word_1_490' title='bbox 1107 2806 1164 2828; x_wconf 90' lang='grc' dir='ltr'>νον</span> <span class='ocrx_word' id='word_1_491' title='bbox 1193 2793 1237 2828; x_wconf 82' lang='grc' dir='ltr'>τὰ</span> <span class='ocrx_word' id='word_1_492' title='bbox 1264 2793 1391 2839; x_wconf 81' lang='grc' dir='ltr'>κέρατα</span> <span class='ocrx_word' id='word_1_493' title='bbox 1422 2792 1498 2836; x_wconf 89' lang='grc'><strong>764,</strong></span> <span class='ocrx_word' id='word_1_494' title='bbox 1524 2798 1577 2827; x_wconf 78' lang='grc'>26.</span> <span class='ocrx_word' id='word_1_495' title='bbox 1629 2793 1660 2826; x_wconf 95' lang='grc'>2.</span> <span class='ocrx_word' id='word_1_496' title='bbox 1692 2789 1835 2840; x_wconf 78' lang='lat' dir='ltr'><strong><em>pooul</em></strong></span> 
     </span>
    </p>
   </div>
   <div class='ocr_carea' id='block_1_5' title="bbox 1801 1589 1858 3126">
    <p class='ocr_par' dir='ltr' id='par_1_12' title="bbox 1801 1589 1858 3126">
     <span class='ocr_line' id='line_1_95' title="bbox 1846 1589 1858 1803; baseline 0 -7"><span class='ocrx_word' id='word_1_497' title='bbox 1846 1589 1858 1803; x_wconf 95' lang='lat' dir='ltr'>   </span> 
     </span>
     <span class='ocr_line' id='line_1_96' title="bbox 1844 1803 1858 2026; baseline 0 0"><span class='ocrx_word' id='word_1_498' title='bbox 1844 1803 1858 2026; x_wconf 95' lang='lat' dir='ltr'>   </span> 
     </span>
     <span class='ocr_line' id='line_1_97' title="bbox 1819 2026 1858 2239; baseline 0 -106"><span class='ocrx_word' id='word_1_499' title='bbox 1819 2026 1858 2239; x_wconf 95' lang='lat' dir='ltr'>   </span> 
     </span>
     <span class='ocr_line' id='line_1_98' title="bbox 1807 2239 1858 2523; baseline 0 -97"><span class='ocrx_word' id='word_1_500' title='bbox 1807 2239 1858 2523; x_wconf 95' lang='lat' dir='ltr'>    </span> 
     </span>
     <span class='ocr_line' id='line_1_99' title="bbox 1801 2523 1858 2827; baseline 0 -63"><span class='ocrx_word' id='word_1_501' title='bbox 1801 2523 1858 2827; x_wconf 95' lang='lat' dir='ltr'>    </span> 
     </span>
     <span class='ocr_line' id='line_1_100' title="bbox 1819 2827 1858 2952; baseline 0 -88"><span class='ocrx_word' id='word_1_502' title='bbox 1819 2827 1858 2952; x_wconf 95' lang='lat' dir='ltr'>   </span> 
     </span>
     <span class='ocr_line' id='line_1_101' title="bbox 1834 2952 1858 3126; baseline 0 -126"><span class='ocrx_word' id='word_1_503' title='bbox 1834 2952 1858 3126; x_wconf 95' lang='lat' dir='ltr'>  </span> 
     </span>
    </p>
   </div>
   <div class='ocr_carea' id='block_1_6' title="bbox 1104 2843 1842 2896">
    <p class='ocr_par' dir='ltr' id='par_1_13' title="bbox 1104 2843 1842 2896">
     <span class='ocr_line' id='line_1_102' title="bbox 1104 2843 1842 2896; baseline -0.005 -10"><span class='ocrx_word' id='word_1_504' title='bbox 1104 2862 1219 2896; x_wconf 74' lang='lat' dir='ltr'><strong><em>yenus</em></strong></span> <span class='ocrx_word' id='word_1_505' title='bbox 1241 2851 1320 2893; x_wconf 85' lang='grc'><strong>214,</strong></span> <span class='ocrx_word' id='word_1_506' title='bbox 1339 2856 1393 2884; x_wconf 88' lang='grc'>43.</span> <span class='ocrx_word' id='word_1_507' title='bbox 1433 2850 1465 2883; x_wconf 90' lang='grc'>3.</span> <span class='ocrx_word' id='word_1_508' title='bbox 1492 2851 1654 2884; x_wconf 64' lang='lat' dir='ltr'><em>wnteoema</em></span> <span class='ocrx_word' id='word_1_509' title='bbox 1678 2850 1756 2892; x_wconf 86' lang='grc'><strong>674,</strong></span> <span class='ocrx_word' id='word_1_510' title='bbox 1775 2843 1842 2891; x_wconf 68' lang='lat'><strong>29³}-</strong></span> 
     </span>
    </p>
   </div>
   <div class='ocr_carea' id='block_1_7' title="bbox 1060 2905 1834 2988">
    <p class='ocr_par' dir='ltr' id='par_1_14' title="bbox 1060 2905 1834 2988">
     <span class='ocr_line' id='line_1_103' title="bbox 1060 2905 1833 2960; baseline -0.005 -18"><span class='ocrx_word' id='word_1_511' title='bbox 1060 2908 1196 2953; x_wconf 88' lang='grc' dir='ltr'>κεράτιν</span> <span class='ocrx_word' id='word_1_512' title='bbox 1223 2907 1299 2950; x_wconf 87' lang='grc'><strong>521,</strong></span> <span class='ocrx_word' id='word_1_513' title='bbox 1319 2913 1371 2941; x_wconf 89' lang='grc'>27.</span> <span class='ocrx_word' id='word_1_514' title='bbox 1412 2905 1560 2952; x_wconf 82' lang='grc' dir='ltr'>κεράτια</span> <span class='ocrx_word' id='word_1_515' title='bbox 1589 2905 1648 2941; x_wconf 85' lang='grc' dir='ltr'>δύο</span> <span class='ocrx_word' id='word_1_516' title='bbox 1677 2906 1754 2949; x_wconf 86' lang='grc'><strong>521,</strong></span> <span class='ocrx_word' id='word_1_517' title='bbox 1774 2910 1833 2960; x_wconf 24' lang='grc' dir='ltr'>287,ᾗ</span> 
     </span>
     <span class='ocr_line' id='line_1_104' title="bbox 1819 2964 1834 2988; baseline 0 -2"><span class='ocrx_word' id='word_1_518' title='bbox 1819 2964 1834 2988; x_wconf 47' lang='grc' dir='ltr'>,ἱ</span> 
     </span>
    </p>
   </div>
  </div>
 </body>
</html>
