1858 3126
75 132 155 176 660]
488 132 538 165 Ti.
557 131 637 165 Iulii
660 131 853 164 Alexandri
877 131 1049 173 praefecti
1073 132 1245 166 edictum.
1571 133 1655 175 389

188 268 420 325 ἀπολαόητε
438 270 517 310 τῶν
539 268 788 324 εὐεργεσιῶν.
828 267 864 309 Ι.
881 267 918 323 β’
936 268 1110 310 Λουκίου
1135 268 1276 324 Λιβίου
1298 268 1503 325 Σεβαστοῦ
1529 268 1655 312 Σουλ-

186 337 321 380 maim»
352 335 359 393 Ι
391 334 533 393 Γάλβα
564 334 882 393 αὐτοκράτορος*
913 335 1064 392 Φαωφὶ
1097 334 1162 379 αῚ
1188 334 1335 394 Ἰουλίᾳ
1360 337 1598 395 &fiacr-52!

71 486 283 521 alabarcbae
306 486 352 527 (n.
370 487 435 519 ³⁷⁰
444 484 470 527 ⁸)
495 485 656 519 officium
681 487 842 528 gesserat
865 485 1051 528 (Iosephus
1076 486 1156 518 Ant.
1179 486 1256 528 XX,
1276 489 1352 518 400.
1394 487 1479 520 Bell.
1497 487 1539 530 V,
1563 488 1653 530 205),

71 544 226 578 ludheus
255 543 519 577 Alexandrinus
557 541 725 584 (eiusdem
753 541 930 585 nationes,
969 543 991 576 i.
1018 551 1048 576 e.
1078 543 1292 586 Aegyptius,
1330 544 1451 576 minus
1486 547 1655 577 accurate

71 601 216 635 Tacitus
239 601 327 634 nist.
343 601 454 643 1,Η).
502 600 554 633 Ex
583 601 819 643 praenomine
850 602 888 633 et
917 601 1063 634 nomine
1095 601 1215 642 gentili
1249 601 1387 634 Dessau
1419 601 1655 644 probabililer

71 658 219 701 colligit,
251 658 323 691 iam
355 659 496 700 patrem
521 666 541 690 a
565 657 615 690 Ti.
642 657 794 691 Caesare
825 658 972 690 civitate
1005 658 1165 690 Romana
1199 657 1372 691 donatum
1406 667 1496 691 esse.
1545 659 1654 691 Filius

72 715 162 748 adeo
185 716 391 757 equestrem
409 713 572 747 ordinem
590 716 779 747 assecutus
796 716 861 756 est,
886 714 951 747 sed
966 713 1119 747 fortasse
1137 715 1350 757 priusquam
1376 716 1413 747 in
1429 723 1514 747 eum
1531 724 1654 748 ascen·

71 772 174 805 deret
196 772 268 805 iam
292 770 410 805 officio
434 772 644 814 epistrategi
660 771 853 804 Thebaidis
878 771 1023 804 functus
1042 773 1120 804 erat
1143 781 1174 805 a.
1194 773 1236 804 42
1255 781 1290 814 p.
1308 771 1390 805 Chr.
1430 771 1479 804 Cf.
1507 781 1540 805 n.
1555 772 1653 806 6634.

71 828 123 862 Ex
145 827 379 871 equestribus
403 837 490 862 vero
522 828 795 870 magistratibus
824 829 986 870 primum
1020 829 1179 862 obtinuit
1208 838 1239 862 a.
1267 830 1309 862 46
1333 838 1367 871 p.
1391 829 1484 871 Chr.‚
1516 838 1600 862 cum
1635 839 1654 862 a

71 886 219 920 Claudio
253 886 419 928 principe
459 886 495 918 in
532 885 653 918 locum
685 886 811 928 Cuspii
840 886 924 919 Fadi
961 887 1179 928 procurator
1216 886 1368 920 Iudaeae
1403 887 1655 919 institueretur

71 943 224 986 (Ioseph.
247 944 326 976 Ant.
352 942 428 984 XX,
453 945 530 976 400.
566 943 648 976 Bell.
674 943 715 985 Il,
739 944 836 983 220);
869 943 932 975 sed
957 953 988 976 a.
1015 946 1056 975 48
1085 952 1118 986 p.
1144 943 1226 976 Chr.
1259 952 1452 977 successor
1482 945 1515 976 ei
1548 944 1654 977 datus

70 999 259 1033 Ventidius
282 1000 466 1033 Cumanus
495 1000 647 1043 (loseph.
673 1000 752 1033 Ant.
779 1000 856 1043 XX,
884 1003 960 1033 403.
998 1001 1082 1033 Bell.
1109 1001 1150 1042 ll,
1177 1002 1267 1042 223).
1315 1001 1416 1034 Anno
1443 1004 1484 1033 63
1512 1010 1545 1043 p.
1572 1001 1654 1033 Chr.

70 1056 166 1091 Nero
190 1057 350 1091 Domitio
374 1057 573 1090 Corbuloni
597 1058 633 1090 in
657 1057 826 1090 Armenia
851 1057 986 1090 bellum
1019 1059 1155 1099 gerenti
1181 1058 1425 1091 Alexandrum
1450 1057 1653 1091 adiutorem

70 1113 169 1147 dedit
183 1113 276 1156 (Tac.
292 1114 381 1146 Anu.
398 1113 474 1155 XV,
493 1115 559 1156 28),
585 1123 678 1147 anno
696 1117 739 1147 66
763 1114 810 1147 ab
826 1115 957 1147 eodem
975 1115 1138 1156 principe
1156 1114 1200 1147 ad
1219 1114 1482 1156 praefecturam
1499 1114 1654 1157 Aegypti

70 1172 218 1204 evectus
241 1172 297 1203 est
320 1171 472 1212 (loseph.
491 1171 574 1204 Bell.
590 1171 631 1212 11,
650 1172 739 1211 309),
765 1171 800 1203 in
825 1180 899 1212 quo
917 1171 1036 1203 officio
1061 1179 1145 1203 eum
1167 1179 1250 1203 cum
1270 1171 1487 1204 ludaeorum
1503 1171 1654 1204 Alexan·

70 1228 171 1262 driae
192 1227 435 1260 habitantium
459 1227 677 1260 seditionem
701 1228 934 1269 repressisset
958 1228 1109 1269 (loseph.
1136 1228 1219 1260 Bell.
1242 1229 1283 1269 11,
1303 1229 1369 1261 487
1382 1230 1473 1270 sqq.)
1498 1229 1609 1261 etiam
1634 1238 1654 1262 a

70 1284 183 1318 Galba
198 1285 454 1318 conservatum
471 1292 551 1316 esse
567 1284 626 1316 hic
641 1284 769 1316 titulus
791 1284 906 1316 docet.
941 1284 1031 1316 Cum
1049 1285 1236 1317 Mucianus
1253 1293 1337 1317 cum
1355 1294 1398 1318 eo
1416 1285 1654 1319 transferendi

0 1356 1 1360 =
71 1342 108 1374 in
128 1341 391 1383 Vespasianum
416 1341 640 1382 principatus
664 1340 857 1373 consilium
874 1329 1184 1374 consrffimicasset
1209 1341 1300 1382 (Tac.
1319 1341 1406 1375 Hist.
1425 1343 1466 1383 11,
1485 1344 1551 1385 74),
1575 1343 1654 1385 ipse

70 1397 231 1431 calendis
255 1397 354 1430 iuliis
386 1406 416 1429 a.
442 1399 483 1429 69
510 1405 544 1438 p.
570 1397 651 1430 Chr.
677 1398 818 1439 primus
849 1398 1012 1430 omnium
1043 1398 1202 1439 legiones
1234 1399 1270 1431 in
1305 1399 1417 1432 verba
1440 1398 1651 1442 Vespasiani

70 1455 300 1488 sacramento
324 1453 444 1495 adegit
467 1454 559 1494 (Tac.
577 1453 664 1486 Hist.
683 1454 723 1495 ll,
742 1457 796 1487 79.
832 1455 977 1487 Sueten.
995 1454 1143 1497 Vespas.
1163 1455 1205 1495 6).
1248 1455 1370 1488 Paullo
1389 1457 1473 1498 post
1487 1456 1653 1499 Aegypto

71 1511 197 1544 relicta
219 1511 340 1544 TItum
370 1511 510 1544 adiuvit
539 1512 575 1543 in
605 1511 759 1552 imperio
792 1510 875 1543 belli
901 1511 1036 1544 Iudaici
1060 1521 1091 1544 a.
1114 1514 1157 1544 7⁰
1184 1521 1218 1554 p.
1236 1512 1317 1545 Chr.
1343 1513 1398 1554 (cf.
1423 1522 1458 1545 ιι.
1476 1512 1587 1555 6866),
1618 1515 1654 1546 et

71 1567 233 1601 interfuit
258 1567 440 1601 obsidioni
468 1569 504 1600 et
534 1568 791 1610 expugnationi
823 1568 1161 1610 Hierosolymorum
1184 1569 1373 1612 (Iosephus
1397 1570 1483 1603 Bell.
1508 1570 1549 1612 V,
1575 1573 1652 1604 540.

70 1625 128 1667 VI,
149 1627 228 1658 237.
253 1626 343 1666 2⁴2).
390 1625 441 1657 De
476 1627 564 1658 natu
599 1625 741 1658 minore
773 1625 933 1667 quodam
966 1626 1017 1658 Ti.
1055 1626 1144 1659 lulio
1177 1626 1379 1660 Alexandro
1415 1627 1460 1660 cf.
1493 1637 1526 1660 n.
1551 1630 1616 1660 705
1628 1627 1653 1661 2.

73 1684 92 1714 8
122 1681 172 1715 Cf.
196 1690 230 1715 n.
249 1681 346 1715 6653.
469 1683 488 1714 4
519 1681 662 1723 Galbae,
692 1683 755 1724 qui
786 1684 912 1724 postea
945 1683 1150 1725 imperavit,
1184 1692 1317 1716 nomen
1348 1686 1540 1726 paternum
1575 1687 1653 1717 erat

69 1739 218 1771 Servius
236 1738 420 1781 Sulpicius
436 1738 558 1772 Galba.
597 1739 666 1772 Sed
689 1748 711 1772 a
735 1747 892 1772 noverca
916 1739 1130 1782 adoptatum
1155 1741 1192 1773 in
1209 1743 1352 1782 gentem
1374 1741 1512 1774 Liviam
1537 1743 1652 1774 trans-

31 1813 34 1816 ·
69 1796 156 1829 iisse
183 1796 287 1829 testis
315 1797 372 1829 est
401 1795 595 1829 Suetonius
616 1796 726 1829 Galba
744 1799 781 1829 4;
814 1796 1072 1840 mutatusque
1095 1807 1121 1830 a
1143 1807 1295 1831 moer-ca
1317 1807 1388 1831 sua
1411 1795 1500 1831 Lim·
1519 1807 1653 1832 nomen

33 1839 102 1886 ⁵01
127 1849 263 1887 Ocellae
283 1861 478 1896 eoynomen
501 1851 710 1896 assumpsit,
735 1855 872 1887 mutato
891 1852 1144 1897 praenomine,
1176 1863 1267 1887 nwm
1291 1852 1451 1888 Lucium
1479 1864 1652 1898 moxpro

70 1907 192 1944 Senio
214 1919 327 1953 usqam
348 1909 398 1944 ad
419 1911 558 1954 tempus
580 1908 735 1954 imperii
755 1909 958 1954 usurpavit.
1007 1911 1107 1949 Quae
1137 1912 1295 1944 narratio
1327 1912 1444 1944 titulis
1475 1914 1653 1945 nummis·

69 1974 142 2008 que
164 1967 215 2000 ita
237 1966 483 2009 confirmatur,
507 1969 549 1999 ut
573 1976 775 2008 cognomen
803 1965 919 2001 Ocella
943 1968 1091 2009 quidem
1116 1977 1298 2010 nusquam
1330 1971 1554 2011 compareat,
1587 1969 1652 2002 sed

69 2025 107 2055 et
129 2031 349 2066 praenomen
364 2021 503 2058 Dacius
526 2018 688 2066 itemque
713 2034 845 2057 nomen
870 2025 1001 2066 gentile
1018 2022 1157 2067 Livius,
1183 2026 1255 2058 hoc
1271 2025 1419 2068 quidem
1443 2028 1506 2059 aut
1531 2026 1651 2060 solum

31 2096 34 2097 ν
70 2081 134 2112 aut
155 2079 279 2113 ut'bic
293 2089 379 2114 cum
396 2083 545 2123 paterno
563 2078 752 2124 &apicius
776 2082 1023 2124 coniunctum,
1048 2082 1146 2115 haud
1163 2092 1246 2115 raro
1268 2084 1482 2125 reperiatur.
1523 2084 1559 2116 L.
1573 2084 1651 2116 Sul-

19 2721 30 2815 Ἰ

30 2952 85 3126 ,

69 2137 188 2179 picius
210 2136 345 2170 dicitnr
367 2138 404 2170 in
427 2139 573 2171 tesseris
597 2138 820 2179 gladiatoriis
843 2139 868 2180 1,
888 2141 965 2172 770.
984 2142 1044 2171 774
1075 2140 1114 2172 in
1138 2140 1340 2182 consulatu,
1370 2149 1480 2183 quem
1506 2141 1651 2174 ordina-

34 2204 37 2205 ’
70 2194 146 2226 rius
170 2201 255 2226 cum
279 2194 316 2226 L.
338 2194 502 2228 Cornelio
526 2195 624 2228 Sulla
647 2196 760 2236 gessit
790 2205 821 2228 a.
849 2198 890 2227 33
916 2205 951 2238 p.
975 2196 1057 2229 Chr.
1082 2206 1116 2229 n.
1165 2196 1270 2235 Quod
1301 2198 1338 2230 in
1371 2197 1472 2231 fastis
1503 2197 1651 2231 Nolanis

69 2249 140 2282 sub
156 2249 285 2283 eodem
301 2259 395 2283 anno
413 2252 486 2284 Ser.
498 2252 679 2294 Sulpicius
692 2252 803 2285 Galba
816 2253 952 2285 dicitur
965 2253 1013 2293 (C.
1026 2253 1052 2286 1.
1060 2254 1097 2286 L.
1110 2254 1153 2295 X,
1171 2256 1269 2296 ⁴233,
1284 2255 1349 2295 48),
1362 2255 1399 2287 id
1413 2255 1452 2287 H.
1463 2256 1602 2287 Dessau
1614 2257 1651 2288 in

15 2324 18 2349 ι,
69 2306 380 2349 ProsopographIa
392 2308 585 2341 commode
597 2317 641 2341 eo
656 2309 775 2351 refert,
792 2309 891 2351 quod
907 2310 944 2342 bi
958 2311 1159 2352 posteriore
1172 2311 1320 2343 demum
1333 2314 1498 2353 tempore
1514 2313 1651 2344 exarati

16 2356 18 2360 '
40 2383 42 2408 3
69 2363 153 2396 sint.
190 2363 284 2397 Nam
307 2364 527 2406 simulatque
552 2373 672 2397 rerum
697 2367 836 2408 potitus
861 2368 917 2399 est
932 2376 963 2399 a.
982 2370 1023 2399 68
1042 2376 1078 2409 p.
1096 2367 1189 2410 Chr.,
1214 2369 1403 2410 antiquum
1430 2377 1650 2410 praenomen

17 2419 20 2425 ’
69 2420 268 2462 resumpsit
279 2417 368 2461 (Ser.
381 2418 497 2454 Galba
510 2419 599 2464 imp.
618 2422 764 2455 Sueton.
780 2423 891 2456 Galba
905 2425 936 2456 4.
961 2421 1119 2457 initium
1133 2423 1232 2458 mihi
1246 2423 1364 2468 opem's
1378 2423 1526 2458 Servius
1537 2423 1651 2459 Galba

48 2472 203 2523 [flevum
221 2474 322 2510 Titus
342 2474 480 2511 Vinius
494 2476 655 2512 eonsules
671 2481 779 2513 mne
801 2480 882 2513 Tac.
899 2480 987 2513 nist.
1006 2481 1031 2522 1,
1052 2484 1080 2513 4.
1118 2480 1350 2527 αὐτοκράτορα
1375 2480 1412 2514 δὲ
1433 2478 1569 2525 Γάλβαν
1592 2482 1650 2515 τὸν

55 2525 231 2576 ‘epotum
259 2532 316 2566 τὸν
341 2531 544 2567 Σουλπίκιον
574 2535 828 2582 προεχειρίσατο
852 2537 998 2570 Cassius
1018 2538 1084 2570 Dio
1105 2538 1223 2579 LXIII,
1243 2539 1309 2578 2³).
1353 2538 1399 2570 At
1423 2539 1459 2570 in
1482 2538 1649 2580 Aegypto

71 2588 259 2622 etiamtum
282 2598 505 2631 praenomen
529 2593 565 2623 et
587 2601 719 2624 nomen
743 2593 841 2634 quod
866 2593 1063 2635 adoptione
1086 2596 1215 2627 nactus
1240 2596 1318 2626 erat
1342 2596 1518 2627 usitatum
1539 2594 1650 2626 fuisse

17 2646 26 2696 ,ζ
73 2645 215 2685 praeter
225 2645 322 2686 hunc
332 2647 480 2680 titulum
494 2648 627 2681 indicio
640 2651 726 2681 sunt
741 2651 883 2682 nummi
894 2651 1124 2683 Alexandrini
1141 2651 1238 2692 apud
1255 2652 1476 2683 Mionnetum
1494 2650 1539 2681 VI
1556 2659 1592 2691 p.
1606 2652 1648 2681 74

73 2707 109 2732 ιι.
124 2701 190 2732 2⁴5
202 2708 280 2743 sqq.
305 2711 389 2735 cum
413 2704 648 2746 inscriptione
672 2704 779 2738 Λουιι.
803 2703 882 2749 Λιβ.
902 2703 1030 2739 Σουλπ.
1048 2704 1166 2749 Γάλβα
1191 2703 1291 2739 Καισ.
1313 2704 1392 2749 Σεβ.
1412 2703 1475 2739 Αὐ.
1516 2705 1649 2737 Tamen

74 2760 121 2787 ne
142 2755 215 2788 illic
236 2757 383 2798 quidem
406 2760 511 2801 plane
534 2761 696 2802 ignotam
720 2761 832 2793 fuisse
856 2762 1013 2794 nominis
1032 2762 1187 2794 formam
1211 2764 1299 2793 tunc
1322 2762 1358 2793 in
1383 2762 1484 2793 omni
1507 2761 1649 2802 reliquo

7 2827 29 2850 μ
74 2811 227 2853 imperio
250 2812 410 2847 Romano
435 2817 606 2850 usitatam
630 2819 785 2850 testatur
810 2818 937 2850 titulus
961 2827 1017 2860 ap.
1043 2818 1203 2850 Flinders
1234 2818 1350 2849 Petrie
1382 2817 1519 2858 Koptos
1550 2826 1586 2859 p.
1605 2819 1648 2850 26

74 2866 148 2900 tab.
173 2867 326 2911 xxvm,
349 2873 370 2902 2
403 2872 547 2912 (Archiv
577 2874 636 2906 fiir
665 2873 1025 2928 Papyrusforschung
1049 2875 1079 2906 Il
1104 2883 1139 2916 p.
1160 2876 1223 2906 435
1250 2883 1282 2905 ιι.
1303 2874 1356 2913 27)
1393 2875 1417 2906 Ι.
1432 2864 1464 2916 β’
1487 2870 1648 2918 Σερουίου
