1858 3126
210 135 292 175 720

209 269 362 316 φρονέω’
400 268 459 304 ἐὰν
496 268 533 303 δὲ
564 269 623 304 καὶ
657 268 716 303 δύο
750 268 894 316 ἔπαρχοι
930 270 967 304 τὸ

255 326 335 362 αὐτὸ
359 326 616 373 πεφρονηκότες
641 327 702 361 ὦσι
725 326 805 370 669,
825 333 865 361 36

209 384 388 431 φρόνησις·
413 383 536 430 ἀρετῆς
563 382 662 418 ἕνεκα
685 383 744 418 καὶ
768 383 967 430 φρονήσεως

253 445 315 487 τῆς
333 440 562 487 συναυξούσης
575 441 618 476 τὰ
630 440 815 487 πράγματα
832 441 909 484 332,
924 447 965 474 25

207 497 387 543 φρόνιμος·
408 498 451 543 ἐμ
468 497 645 545 φρονίμοις
661 497 801 544 ἀνδράσι
814 498 891 541 383,
903 504 964 533 106

207 553 390 600 φροντίζω’
415 555 635 603 φροντίζωσιν
654 554 788 590 διδῶσίν
808 567 845 589 τε
869 555 968 601 ἐργα-

252 611 323 645 σίαν
341 613 420 656 441,
442 620 516 648 109.
557 612 736 660 ἐφρόντισα
750 617 819 646 τῶν
837 612 885 650 εἰς
903 611 966 657 τὴν

253 668 419 714 ὑμετέραν
446 668 610 716 βοήθειαν
627 669 824 714 ἀνηκόντων
842 670 919 714 669,
935 677 965 704 8.

250 724 306 760 ἵνα
338 726 503 774 φροντίσῃ
534 727 593 761 καὶ
624 725 832 773 ἐπιστροφὴν
866 727 966 773 ποιή-

253 794 352 828 σηται
390 785 470 827 441,
504 791 556 819 60.
613 783 706 822 ὅπως
744 784 788 818 τὰ
827 783 964 830 ἐμφανῆ

252 839 368 878 αὐτοῖς
393 840 607 888 ἀποδοθῆναι
626 840 787 888 φροντίσῃ
812 842 890 885 441,
911 848 964 875 61.

251 897 496 942 ἐπιμελέστατα
531 900 766 944 πεφροντικὼς
804 903 872 932 τῶν
902 902 965 944 τῆς

250 953 382 993 πόλεως
421 953 519 1000 ὑμῶν
553 955 760 1003 πραγμάτων
795 956 876 999 453,
911 962 965 990 14.

250 1010 494 1056 φροντίσασθαι
516 1015 577 1046 τοῦ
601 1011 799 1058 πράγματος
825 1013 902 1056 595,
923 1020 961 1046 18

204 1068 355 1114 φροντίς·
379 1068 403 1114 ἡ
428 1067 496 1114 ἐμὴ
523 1067 636 1103 δικαία
661 1068 796 1116 φροντίς
813 1070 892 1113 383,
910 1077 963 1104 34.

251 1125 400 1172 φροντίδι
434 1123 579 1172 Μάρκου
616 1123 742 1174 Ἀρρίου
778 1124 965 1173 Φρούγιδος

249 1182 521 1229 πρειμιπιλαρίου
554 1182 773 1230 κηνσείτορος
806 1183 884 1227 612,
913 1191 963 1218 10.

250 1239 400 1285 φροντίδι
422 1239 573 1275 Λουκίου
595 1238 690 1276 Καια
703 1266 711 1275 .
725 1253 747 1275 α
762 1266 769 1275 .
783 1266 792 1275 .
807 1266 815 1276 .
845 1240 963 1287 κηνσί-

247 1308 339 1342 τορις
365 1297 515 1341 769,14.
566 1296 707 1344 μίμημα
739 1297 869 1332 δίκαιον
900 1310 963 1344 φυ-

247 1353 383 1388 λάσσων
410 1353 581 1389 ἀθανάτου
608 1353 787 1401 φροντίδος
811 1355 889 1399 383,
909 1362 961 1390 64.

248 1411 327 1454 404,
347 1418 386 1444 27

203 1468 333 1514 φρουρά
360 1470 389 1511 1,
415 1476 454 1502 15

202 1524 445 1572 φρουραρχέω·
472 1526 735 1573 φρουραρχήσας
760 1527 838 1570 365,
861 1534 877 1560 4

202 1580 417 1629 φρούραρχος
451 1583 527 1627 119,
553 1590 583 1617 6.
631 1583 844 1631 φρούραρχος
873 1583 962 1618 κατὰ

248 1637 365 1674 Κίτιον
391 1640 446 1683 20,
468 1647 497 1674 1.
517 1646 546 1675 2.
588 1639 805 1689 φρούραρχος
826 1639 961 1687 Συήνης

251 1699 385 1740 111,1e

202 1754 358 1800 φρουρέω
370 1764 379 1772 ·
400 1753 612 1802 ἐφρούρησαν
629 1759 696 1788 τῶν
714 1752 959 1801 Νεοπτολέμου

247 1816 447 1856 στρατιῶται
475 1811 566 1858 παρὰ
597 1809 684 1846 Πανὶ
707 1809 841 1846 Εύόδωι
865 1813 921 1856 38,
942 1820 956 1846 1

201 1867 360 1915 φρούριον
397 1869 476 1913 266,
508 1875 561 1903 37.
596 1869 674 1912 338,
707 1876 759 1903 15.
817 1869 960 1916 φρούρια

248 1927 385 1969 70],13

201 1981 342 2030 φρουροί
366 1983 444 2026 266,
464 1991 503 2017 55

201 2039 348 2084 φυγάδες
374 2039 405 2082 8,
426 2047 465 2072 96

201 2096 310 2142 φυγή·
336 2094 383 2130 ὧν
408 2095 560 2141 κατέγνω
588 2093 820 2141 (Ἀλέξανδρος)
847 2095 957 2142 φυγήν

247 2153 278 2195 8,
301 2159 362 2187 100

199 2208 426 2256 φυλακάρχης
457 2212 520 2254 τῆς
550 2206 809 2254 Κασταβαλίδος
840 2210 918 2253 754,
937 2217 954 2243 5

200 2265 336 2313 φυλακή
376 2267 405 2301 1.
441 2265 611 2310 defensio,
648 2265 774 2301 tutela:
807 2265 958 2312 ἄρχοντα

246 2342 286 2349 -
314 2324 351 2358 ὃν
377 2321 417 2357 ἂν
442 2322 637 2369 ἀποστέλλῃ
657 2322 675 2357 ὁ
693 2323 803 2368 δῆμος
821 2342 862 2349 -
883 2322 956 2357 ἐσό-

246 2392 347 2424 μενον
373 2381 429 2415 ἐπὶ
457 2384 519 2425 τῆς
551 2379 707 2426 φυλακῆς
738 2384 800 2425 τῆς
822 2379 957 2418 πόλεως

243 2437 321 2480 229,
343 2445 394 2471 56.
434 2440 508 2475 τοῖς
531 2436 775 2484 ἀποταχθεῐσιν
805 2436 872 2471 ἀπὸ
894 2440 957 2482 τῆς

245 2493 417 2540 φάλαγγος
442 2494 499 2528 ἐπὶ
521 2494 583 2540 τὴν
614 2494 771 2538 φυλακὴν
801 2496 861 2527 τοῦ
884 2506 957 2541 χω-

245 2551 315 2596 ρίου
354 2551 432 2594 229,
458 2558 533 2585 104.
583 2554 658 2588 τοῖς
694 2550 760 2584 ἀπὸ
798 2547 956 2597 Σμύρνης

243 2607 484 2642 ἀποσταλεῖσιν
517 2605 574 2641 ἐπὶ
605 2607 667 2652 τὴν
705 2606 862 2653 φυλακὴν
894 2609 955 2641 τοῦ

242 2664 375 2712 χωρίου
400 2665 479 2708 229,
499 2672 574 2700 105.
617 2662 839 2702 κατασταθεὶς
871 2663 955 2709 πρὸς

242 2723 285 2770 τῇ
310 2721 489 2768 ἐπιμελείᾳ
511 2722 569 2756 καὶ
594 2720 732 2767 φυλακῇ
750 2725 818 2755 τῶν
843 2720 877 2755 ἐν
895 2717 955 2754 Φι-

243 2778 413 2825 λεταιρείᾳ
443 2783 567 2825 τειχῶν
597 2778 655 2812 καὶ
684 2777 801 2812 πυλῶν
827 2778 904 2821 336,
924 2784 954 2812 2.

244 2836 380 2882 φυλακὴ
405 2840 469 2882 τῆς
484 2836 600 2882 χώρας
626 2835 703 2879 748,
723 2842 752 2869 6.
778 2842 827 2869 13.
869 2833 954 2881 ὑπὲρ

243 2898 304 2939 τῆς
330 2892 487 2938 φυλακῆς
510 2897 574 2939 τῆς
598 2904 634 2926 τε
659 2892 792 2930 πόλεως
815 2891 873 2925 καὶ
892 2895 954 2936 τῆς

925 131 1075 165 Indices.

1083 271 1200 317 χώρας
1229 270 1308 313 443,
1336 276 1386 304 12.
1432 269 1647 316 καταστήσας
1684 269 1796 308 ἱππεῖς

1083 338 1119 360 τε
1143 326 1201 360 καὶ
1224 326 1348 366 πεζοὺς
1364 326 1448 372 πρὸς
1469 325 1514 373 τῇ
1530 325 1668 373 φυλακῇ
1685 325 1795 361 αὐτῶν

1085 384 1139 427 90,
1164 390 1218 418 25.
1275 385 1305 417 2.
1341 382 1576 428 praesidium
1613 381 1796 420 militare:

1084 439 1384 486 παραδέξασασθαι
1407 440 1565 487 φυλακὴν
1583 439 1646 486 τὴν
1664 439 1796 474 συνδια-

1082 497 1297 544 τηρήσουσαν
1335 495 1410 543 μετ’
1446 495 1557 532 αὐτῶν
1590 497 1629 532 τὸ
1666 496 1795 544 χωρίον

1854 542 1858 550 .
1848 461 1858 498 “n
1844 269 1858 452 hn..m3.=.-n=2;
1848 211 1858 259 ,μα
1846 185 1858 203 A*
1843 55 1858 178 -tss—nis-
1839 0 1858 49 :ti-*d

1084 555 1161 598 229,
1182 562 1235 589 96.
1275 554 1338 599 τὴν
1364 553 1521 600 φυλακὴν
1545 554 1608 601 τὴν
1624 553 1718 601 παρὰ
1731 558 1796 599 τῆς
1846 556 1858 599 ξ

1082 611 1217 650 πόλεως
1253 610 1476 657 παρεδέξαντο
1513 610 1562 650 εἰς
1597 611 1635 646 τὸ
1666 611 1794 659 χωρίον

1084 670 1162 712 229,
1182 676 1235 704 99.
1284 670 1315 703 3.
1341 679 1474 712 career,
1499 667 1682 705 custodia:
1715 669 1795 708 τοὺς
1852 669 1858 711 ιζ

1084 726 1118 760 ἐν
1143 729 1219 764 ταῖς
1245 725 1416 773 φυλακαῖς
1432 725 1650 773 ἀπηγμένους
1666 727 1722 770 90,
1742 734 1795 762 13.
1852 723 1858 776 ᾗ

1082 783 1130 821 εἰς
1160 783 1196 817 τὸ
1230 782 1451 829 πρακτόρειὸν
1482 796 1576 822 τινας
1604 783 1794 830 παρέδοσαν
1849 801 1858 830 g

1081 839 1139 875 καὶ
1154 839 1203 878 εἰς
1221 839 1327 878 ἄλλας
1345 839 1500 887 φυλακάς
1516 842 1594 885 669,
1615 848 1669 877 1⁶.
1710 840 1795 887 μηδ’
1850 848 1858 880 -.’,

1082 897 1170 936 ὅλως
1194 895 1455 932 κατακλείεσθαί
1480 909 1572 935 τινας
1594 896 1795 943 ἐλευθέρους
1848 942 1858 957 ⁴

1081 954 1131 993 εἰς
1155 954 1314 999 φυλακὴν
1338 953 1492 999 ἡντινοῦν
1517 954 1596 998 669,
1617 962 1656 989 17

1036 1010 1226 1058 φυλακίτης
1265 1010 1370 1045 τόπου
1409 1007 1632 1056 Ἀμμωνιείου
1673 1011 1728 1055 85,
1761 1019 1794 1046 4.

1082 1067 1267 1115 φυλακῖται
1291 1067 1370 1112 238,
1389 1074 1420 1102 2.
1468 1066 1486 1102 ὁ
1520 1066 1702 1115 ἐπιστάτης
1724 1073 1792 1103 τῶν

1082 1125 1277 1171 φυλακιτῶν
1302 1126 1358 1168 96,
1376 1133 1407 1159 4.
1448 1123 1621 1160 ἐπιστάται
1650 1125 1795 1172 φυλακι-
1842 1165 1844 1168 y

1080 1187 1148 1217 τῶν
1175 1183 1252 1226 139,
1272 1189 1289 1216 6

1036 1239 1188 1286 φύλακος
1197 1239 1236 1283 (22)
1263 1240 1342 1283 674,
1362 1246 1401 1274 13
1783 1278 1795 1285 .

1035 1296 1282 1344 φυλακτήριον·
1314 1293 1482 1331 ἐπιθεῖναι
1512 1296 1551 1331 δὲ
1571 1296 1631 1330 καὶ
1655 1295 1710 1331 ἐπὶ
1731 1299 1792 1330 τοῦ

1079 1353 1157 1399 περὶ
1187 1353 1247 1391 τὰς
1271 1352 1440 1399 βασιλείας
1471 1353 1681 1400 τετραγώνου
1704 1353 1794 1388 κατὰ.
1830 1394 1840 1411 ι,

1079 1411 1117 1445 τὸ
1140 1409 1388 1456 προειρημένον
1417 1409 1586 1456 βασίλειον
1619 1409 1793 1457 φυλακτή-

1080 1479 1136 1513 ρια
1159 1470 1271 1514 χρυσᾶ
1295 1466 1354 1502 δύο
1379 1468 1435 1511 90,
1453 1474 1495 1501 45

1034 1523 1158 1571 φύλαξ·
1182 1524 1240 1558 καὶ
1266 1523 1403 1570 φύλακα
1418 1524 1622 1571 πιστοτάτην
1637 1524 1698 1560 καὶ
1715 1525 1792 1571 τέρ-
1835 1515 1837 1519 ⁴
1853 1518 1858 1526 ‘

1079 1581 1136 1628 ψιν
1155 1580 1326 1628 ἀμίμητον
1342 1580 1532 1628 ἡγούμενος
1547 1582 1610 1628 τὴν
1631 1581 1792 1628 ὁσιότητα
1836 1586 1858 1635 νζ,

1082 1639 1219 1682 383,1s

1033 1695 1237 1743 φυλαρχέω·
1274 1695 1528 1743 φυλαρχοῦντος
1561 1695 1608 1738 (ἐν
1637 1692 1789 1743 Ἀγκύρᾳ)
1854 1680 1858 1746 ῖξ

1079 1754 1156 1797 544,
1182 1760 1234 1787 35.
1267 1754 1345 1797 547,
1371 1759 1424 1787 14.
1453 1760 1506 1788 17.
1534 1771 1581 1778 —-
1610 1752 1790 1800 φυλαρχή-
1855 1756 1858 1809 1,’

1078 1822 1172 1845 σαντι
1197 1812 1275 1855 617,
1295 1817 1311 1844 3

1032 1866 1205 1915 φύλαρχος
1244 1866 1360 1914 ἱερέων
1392 1865 1428 1902 ἐν
1460 1864 1622 1913 Αἰγύπτῳ
1652 1867 1707 1911 56,
1733 1873 1787 1902 32.

1078 1924 1246 1972 φύλαρχοι
1269 1922 1439 1959 Ἐλαϊτῶν
1465 1924 1542 1967 332,
1560 1931 1602 1958 4ο

1031 1981 1211 2028 φυλάσσω·
1241 1981 1443 2027 ἀμφοτέρων
1466 1985 1535 2014 τῶν
1559 1978 1720 2026 ἐπάρχων
1745 1979 1789 2015 τὰ
1856 1985 1858 2038 J

1076 2037 1279 2083 ἐπι-κρίματα
1295 2036 1457 2083 φυλάσσω
1473 2036 1552 2080 669,
1571 2043 1624 2072 28.
1665 2038 1711 2071 ὧν
1731 2036 1788 2082 βε·-
1856 2044 1858 2080 '3

1076 2094 1171 2140 βαίαν
1204 2094 1257 2128 δεῖ
1279 2093 1342 2139 τὴν
1373 2092 1631 2140 πρωτοπραξίαν
1659 2092 1788 2138 φυλάσ-
1855 2102 1858 2114 ¹

1075 2163 1142 2184 σειν
1179 2151 1256 2193 669,
1288 2156 1341 2184 26.
1395 2148 1519 2188 καύτὸς
1553 2149 1591 2185 δὲ
1623 2149 1786 2197 φυλάσσω

1073 2208 1159 2242 ὥστε
1197 2206 1328 2254 μηδένα
1359 2211 1428 2242 τῶν
1464 2204 1608 2253 ἔνγενῶν
1637 2203 1788 2247 Ἀλεξαν-

1074 2264 1180 2309 δρέων
1194 2264 1243 2302 εἰς
1253 2262 1462 2310 λειτουργίας
1473 2264 1628 2312 χωρικδις
1640 2263 1786 2311 ἄγεσθαι
1834 2261 1858 2288 '3-

1074 2321 1152 2365 669,
1180 2328 1232 2355 34.
1273 2319 1494 2369 φυλαχθῆναι
1521 2324 1595 2359 τοῖς
1625 2320 1784 2367 ὀνόμασιν

1075 2378 1144 2421 (τὰς
1169 2377 1313 2420 εἰκόνας)
1339 2373 1396 2424 ἐφ’
1423 2376 1475 2416 οἷς
1497 2377 1632 2424 γέγονεν
1654 2375 1784 2423 ἑκάστη
1836 2377 1842 2417 f

1304 2433 1519 2482 φυλαχθήτω
1557 2433 1581 2479 ἡ
1622 2433 1784 2479 συνήθεια
1827 2451 1849 2472 1.

1074 2493 1150 2536 595,
1170 2499 1224 2527 37.
1270 2490 1450 2533 ἀξιούντων
1483 2490 1586 2529 αὐτὰς
1614 2490 1686 2534 (τὰς
1709 2490 1786 2526 ἀτε-
1831 2493 1836 2524 ἶ

1072 2549 1164 2587 λείας
1194 2549 1253 2583 καὶ
1281 2546 1532 2595 κουφοτελείας)
1565 2547 1787 2595 φυλαχθῆναι
1825 2571 1833 2602 3

1074 2435 1152 2479 508,
1189 2441 1241 2470 12.

1074 2606 1151 2650 669,
1171 2613 1211 2640 26

1028 2662 1131 2709 φυλή,
1181 2661 1298 2709 φυλαί·
1353 2660 1561 2709 Ἀγκυρανῶν

1614 2661 1691 2704 544,
1727 2668 1782 2697 34.
1849 2700 1855 2706 ἡ

1073 2722 1151 2764 547,
1172 2728 1223 2755 13.
1249 2720 1327 2763 549,
1346 2727 1376 2753 9.
1417 2717 1607 2764 Αἰγινητῶν
1632 2718 1710 2762 329,
1727 2725 1782 2755 44,
1827 2711 1855 2739 ¹*

1067 2774 1238 2812 Ἐλαϊτῶν
1257 2777 1335 2820 332,
1354 2783 1406 2810 40.
1426 2782 1478 2809 41.
1517 2770 1684 2821 Ἐφεσίων
1701 2775 1734 2818 9,
1750 2781 1780 2809 4.
1826 2767 1834 2787 '⁴
1851 2796 1854 2804 .

1074 2835 1127 2877 10,
1148 2841 1199 2868 16.
1219 2840 1272 2868 20.
1297 2833 1375 2875 480,
1396 2839 1447 2866 10.
1488 2829 1614 2866 Ἰλιέων
1631 2832 1709 2875 218,
1725 2838 1781 2866 30.

1073 2891 1150 2935 220,
1176 2897 1228 2924 20.
1278 2888 1452 2935 Πριηνέων
1479 2889 1532 2932 11,
1555 2895 1608 2922 25.
1654 2886 1780 2922 Πτολε·
1847 2878 1853 2918 ἶ
