1858 3126
189 141 273 182 710

234 277 359 321 608,1.
400 276 455 311 ἐπὶ
479 281 676 324 συναγωγῆς
705 281 768 324 τῆς
791 277 946 325 γενηθεί-

234 346 296 380 σης
321 334 357 368 ἐν
383 334 432 381 τῷ
456 333 527 369 ἅνω
549 331 782 380 Ἀπολλωνείῳ
817 335 898 379 737,
914 343 944 370 1.

233 390 281 429 εἰς
306 390 422 426 ἔλαιον
447 391 506 426 καὶ
529 392 729 439 συναγωγὴν
760 397 828 427 τῶν
858 392 944 427 νέων

235 449 372 493 748,15

186 505 474 552 συναγωνίζομαι·
537 506 846 554 συναγωνισάμενοι
908 507 945 542 δὲ

234 561 436 611 (Μάγνητες)
468 562 637 603 πολλάκις
655 559 751 599 Ἴωσι
780 564 839 598 καὶ
869 562 945 599 Δω-

234 624 337 667 ριεῦσι
360 621 419 655 καὶ
441 624 514 660 τοῖς
539 620 580 656 ἐκ
608 625 670 655 τοῦ
701 621 804 656 αὐτοῦ
827 622 945 668 γένους

232 676 397 713 Αἰολεῦσι
422 679 500 723 503,
516 686 546 713 5.
587 678 619 713 οἱ
636 679 945 725 συναγωνισάμενοι

231 734 290 773 τὰς
315 735 399 781 πρὸς
422 736 502 775 τοὺς
522 733 678 775 Γαλάτας
701 736 760 770 καὶ
777 734 944 783 Αντίοχον

233 792 346 839 μάχας
372 794 450 837 280,
470 801 486 827 3

186 851 429 896 συναγωνισταὶ
452 849 607 897 τραγικοί
632 851 688 891 51,
711 858 750 884 56

185 906 379 954 συναλλαγή
394 907 473 951 484,
483 915 512 941 7.
524 915 578 942 43.
605 906 810 953 συναλλαγαί
819 908 942 951 669,18

186 963 424 1011 συνάλλαγμα·
450 965 740 1012 ἐπιγραφήσονται
759 963 798 998 δὲ
821 964 869 1006 (αἱ
885 963 945 1010 ἀρ-

229 1021 386 1069 χιέρειαι)
420 1021 480 1055 καὶ
515 1021 551 1055 ἐν
582 1025 655 1060 τοῖς
688 1020 945 1067 συναλλάγμασι

230 1079 309 1122 224,
329 1084 382 1112 26.
437 1078 516 1124 περὶ
550 1083 619 1113 τῶν
656 1077 943 1125 συναλλαγμάτων

229 1136 288 1169 καὶ
304 1141 372 1170 τῶν
391 1135 619 1181 ἐγκλημάτων
635 1140 713 1181 τῶμ
728 1135 811 1181 πρὸς
830 1133 943 1182 Σμυρ-

229 1192 346 1231 ναίους
371 1193 449 1236 229,
471 1199 509 1226 54

186 1249 417 1294 συναναβαίνω
427 1260 436 1268 ·
454 1249 487 1284 οἱ
500 1249 747 1295 συναναβάντες
760 1249 830 1296 μετ’
839 1250 942 1285 αὐτοῦ

233 1307 379 1353 ἔμποροι
403 1307 482 1351 632,
502 1313 519 1340 2

185 1363 376 1399 συναντάω·
414 1364 447 1398 οἱ
480 1363 580 1410 ἱερεῖς
613 1363 646 1398 οἱ
677 1365 943 1410 συναντήσαντες

228 1440 274 1446 -
298 1420 346 1459 εἰς
370 1421 432 1467 τὴν
458 1420 617 1467 πέμπτην
642 1425 702 1456 τοῦ
720 1419 802 1456 Δίου
828 1423 883 1466 56,
901 1430 917 1456 5

184 1477 502 1524 συναντιλαμβάνω·
538 1478 618 1516 τοὺς
650 1478 699 1517 εἰς
729 1482 834 1513 ταῦτα
867 1491 942 1513 συν-

230 1534 586 1582 αντιλαμβανομένους
610 1536 688 1580 267,
707 1543 748 1570 26

184 1591 419 1639 συναπύδημοι
445 1594 521 1636 196,
539 1600 557 1625 4

184 1649 463 1684 συναποστέλλω·
508 1649 815 1695 συναπεστείλαμεν
857 1650 941 1695 μετὰ

229 1705 421 1755 Δημάρχου
445 1705 618 1754 Αἰσχύλον
643 1708 675 1751 5,
695 1715 724 1742 4.
740 1715 764 1741 5

183 1763 360 1798 συνάπτω·
397 1763 455 1798 διὰ
488 1764 551 1810 τὴν
587 1765 672 1809 πρὸς
708 1764 830 1803 αὐτοὺς
868 1776 942 1799 συν-

230 1820 400 1855 άπτουσαν
425 1822 617 1868 συνγένειαν
643 1822 721 1865 746,
741 1829 758 1856 6

183 1877 399 1923 συναρέσκω·
436 1881 555 1912 στᾶσαι
579 1877 672 1912 ὄππα
695 1891 736 1913 κε
761 1877 941 1927 Θερσίππῳ

231 1935 418 1983 συναρέσκῃ
443 1937 475 1978 4,
496 1943 550 1969 47.
569 1943 609 1970 48

184 1991 361 2038 συναρχίαι
408 1990 582 2038 Πριηνέων
630 1993 682 2037 11,
709 1999 761 2026 21.

230 2050 307 2092 309,
327 2056 344 2083 2

183 2104 353 2146 συναύξω·

229 2162 365 2206 509,1ι

183 2218 414 2265 συνδείκνυμι·
439 2219 462 2266 ἡ
489 2220 566 2258 ὁδὸς
591 2238 638 2244 -
661 2220 685 2265 ἡ
703 2219 939 2266 συνδειχθεῖσα

227 2275 293 2311 υπὸ
317 2274 539 2322 Μενεκράτου
564 2277 644 2321 225,
663 2284 704 2312 42

182 2330 416 2381 συνδιασῷζειν
439 2334 520 2378 437,
541 2342 581 2369 66

182 2390 482 2436 συνδιαφυλάσσω·
508 2390 805 2437 συνδιαφυλάσσειν
830 2390 938 2436 ἀλλή-

227 2447 298 2485 λοις
321 2447 384 2493 τὴν
410 2447 605 2494 ἐλευθερίαν
633 2449 691 2482 καὶ
713 2449 776 2494 τὴν
801 2447 938 2483 αὐτονο-

228 2503 306 2549 μίαν
332 2505 364 2548 5,
383 2511 436 2538 54.
457 2512 509 2539 55.
550 2505 588 2539 τὸ
608 2503 882 2551 συνδιαφυλάξειν
900 2504 938 2539 δὲ

227 2560 457 2608 προσομνύναι
480 2561 503 2595 ἃ
526 2560 629 2607 ἡμεῖς
662 2561 935 2608 ὡμολογήκαμεν

227 2618 311 2664 πρὸς
335 2617 509 2664 ἀλλήλους
535 2619 565 2663 5,
585 2625 626 2653 62
740 2630 748 2636 ·

182 2674 330 2710 σύνδικοι
353 2676 431 2719 629,
452 2683 492 2710 14

181 2732 354 2779 σύνεγγυς·
379 2732 489 2767 πάντα
512 2732 555 2767 τὰ
579 2732 735 2779 συνέγγυς
755 2732 937 2779 πράγματα

226 2790 364 2834 229,94

181 2845 371 2892 συνεδρεία·
410 2846 521 2882 πάντα
554 2846 611 2882 τὸν
647 2850 711 2893 τῆς
747 2845 935 2892 συνεδρείας

225 2903 347 2950 χρόνον
371 2905 450 2947 504,
471 2911 500 2938 7.
527 2905 605 2948 507,
627 2911 663 2938 11

823 1991 940 2038 Τηῖων

418 2105 627 2152 ὀφειλόντων
690 2104 941 2152 συναυξηθῆναι

903 140 1055 174 Indices.

1017 276 1223 323 συνεδρεύω·
1263 277 1539 325 συνεδρεύσαντες
1566 278 1689 325 ταύτηι
1715 283 1775 326 τῆι
1820 272 1836 324 ’Ἴ

1061 333 1190 381 ἡμέραι
1206 335 1242 370 ἐν
1257 340 1319 371 τῶι
1335 336 1370 371 ἐν
1383 333 1561 372 Κανώπωι
1577 335 1673 384 ἱερῶι
1688 338 1770 381 56,6
1847 352 1850 353 ’

1016 392 1188 439 συνέδριον
1226 393 1306 438 222,
1333 400 1387 429 27.
1427 394 1506 438 438,
1525 401 1579 429 11.
1618 395 1697 437 508,
1721 401 1773 431 11.
1824 437 1826 440 Ι

1061 454 1129 484 τῶν
1153 446 1398 496 Ἀμφικτιόνων
1423 451 1502 495 234,
1519 458 1558 486 17
1676 483 1681 489 ..

1016 505 1186 553 σύνεδροι·
1222 505 1346 543 Ἰώνων
1376 507 1456 553 222,
1480 515 1533 543 31.
1559 515 1612 544 86.
1641 516 1694 544 41.
1718 516 1772 543 44.

1062 561 1261 611 Μιλησίων·
1293 566 1414 612 γνώμη
1445 565 1612 611 συνέδρων
1643 566 1774 611 213,1.
1820 579 1835 611 7·

1061 626 1129 655 τῶν
1153 627 1332 667 νησιωτῶν
1355 623 1413 667 40,
1433 630 1463 658 1.
1487 623 1544 667 67,
1564 630 1604 659 10
1845 670 1848 672 v

1018 679 1244 726 συνεισφέρειν
1279 680 1360 725 455,
1391 687 1444 716 16.
1499 679 1773 727 συνεισφέροντες

1060 736 1141 780 483,
1161 743 1201 771 33
1768 756 1770 758 >
1820 733 1835 781 ζ’

1016 793 1237 839 συνεισφορά·
1267 793 1344 828 οὔτε
1369 793 1432 840 γὰρ
1458 794 1678 840 συνεισφοράν
1700 805 1775 829 τινα
1820 789 1856 832 ζ’

1062 849 1215 895 ὀφείλετε
1237 854 1311 889 τοῖς
1335 850 1444 892 ξένοις
1467 851 1546 895 609,
1567 858 1605 885 18
1812 875 1837 893 a,

1016 907 1249 954 συνέκδημος”
1274 907 1485 955 συνέγδημος
1504 908 1711 955 ἀναγραφεὶς
1735 907 1773 943 έν
1807 922 1842 948 ψ,

1061 964 1204 1011 αἰραρίῳ
1220 961 1409 1000 Μεσσάλλα
1431 969 1494 1001 τοῦ
1510 964 1693 1012 γενομένου
1708 970 1772 1012 τῆς
1808 962 1821 1014 'j
1846 979 1851 982 ·

1059 1018 1168 1060 Ἀσίας
1192 1020 1389 1057 ἀνθυπάτου
1411 1022 1492 1066 494,
1511 1029 1550 1057 18
1807 1040 1811 1045 ν

1016 1078 1259 1125 συνεκδίδωμι·
1285 1078 1478 1126 ἀναγράψαι
1492 1077 1536 1114 ,δὲ
1557 1079 1595 1114 τὸ
1611 1079 1773 1126 ψήφισμα
1809 1079 1820 1114 ἑ

1059 1139 1160 1171 τοῦτο
1183 1155 1230 1161 —-
1255 1135 1477 1183 συνεγδόντας
1494 1135 1581 1181 μετὰ
1603 1139 1664 1171 τοῦ
1681 1135 1775 1184 εἰρη-
1806 1140 1817 1168 -J
1848 1166 1852 1170 .

1059 1193 1160 1232 κότος
1184 1194 1240 1238 58,
1259 1201 1298 1228 11

1015 1250 1312 1298 συνεκμαρτυρέω·
1337 1249 1356 1284 ὁ
1381 1250 1420 1286 δὲ
1439 1249 1520 1290 θεὸς
1542 1269 1591 1276 -—
1613 1243 1817 1301 enheas-22³

1061 1308 1276 1354 μαρτύρηκεν
1299 1308 1350 1355 τῷ
1374 1307 1508 1355 βασιλεῖ
1531 1308 1611 1352 237,
1630 1314 1648 1342 6

1015 1364 1331 1406 συνεξακολουθέω·
1364 1364 1490 1412 γίνοιτο
1521 1365 1560 1399 δὲ
1581 1365 1627 1412 τῇ
1646 1364 1774 1412 βουλή,ι
1793 1368 1805 1394 -’

1061 1434 1110 1456 σει
1135 1435 1200 1468 μου
1225 1422 1285 1457 καὶ
1306 1421 1351 1456 τὰ
1378 1422 1562 1470 πράγματα
1592 1422 1773 1464 συνεξακο·
1798 1430 1800 1434 ’

1058 1477 1199 1514 λουθεῖν
1225 1480 1304 1523 763,
1321 1485 1362 1514 47
1803 1477 1805 1479 ’

1013 1535 1211 1576 συνεξισόω·
1238 1535 1501 1582 συνεξισωθῆναι
1522 1537 1604 1581 456,
1623 1543 1664 1572 40

1013 1593 1239 1635 συνεξοδεύω·
1276 1592 1311 1627 ἐν
1333 1596 1410 1631 ταῖς
1435 1593 1597 1638 μεγάλαις
1619 1593 1771 1640 πανηγύ-
1807 1611 1811 1619 1

1060 1663 1161 1697 ρεσιν,
1194 1650 1228 1684 ἐν
1254 1650 1310 1689 αἷς
1334 1649 1483 1690 ἐξοδεῖαι
1509 1655 1577 1686 τῶν
1605 1656 1697 1686 ναῶν
1719 1650 1773 1698 ⁶5(-
1797 1667 1806 1686 s·

1057 1720 1183 1751 νονται,
1206 1707 1265 1742 καὶ
1288 1707 1346 1742 τὸν
1372 1710 1433 1742 τοῦ
1456 1706 1540 1742 θεοῦ
1561 1705 1771 1754 Ἐπιφανοῦς
1801 1705 1819 1755 Ἀ-

1058 1763 1271 1813 Εὐχαρίστου
1293 1764 1374 1800 ναὸν
1399 1764 1628 1806 συνεξοδεύειν
1650 1765 1708 1809 49,
1723 1770 1772 1810 42

1013 1822 1312 1868 συνεπανίσταμαν
1347 1821 1384 1860 ὃς
1413 1821 1454 1857 ἂν
1486 1822 1720 1870 συνεπαναστῇ
1741 1819 1767 1867 ἢ
1795 1815 1819 1857 ,³

1058 1879 1292 1926 δημοκρατίαν
1316 1878 1491 1927 καταλύσῃ
1516 1879 1594 1923 218,
1614 1885 1676 1914 118

1013 1936 1286 1982 συνεπικοσμέω·
1323 1933 1676 1980 συνεπικεκοσμῆσθαι
1705 1934 1769 1980 μὲν

1055 1994 1101 2041 τῇ
1123 1990 1387 2039 τῶνἙλλήνων
1412 1990 1608 2037 συμπαθείᾳ
1630 1991 1710 2035 470,
1725 1997 1766 2026 23
1788 1988 1800 2035 ’ζ
1845 2040 1847 2042 ¹

1011 2048 1359 2095 συνεπιλαμβάνεσθαι
1383 2049 1462 2092 244,
1481 2055 1522 2084 36
1552 2066 1558 2072 ·
1757 2069 1763 2085 ς
1791 2062 1797 2090 ζ
1843 2055 1845 2060 ’

1012 2105 1333 2152 συνεπιπορεύομαι·
1361 2110 1429 2140 τῶν
1456 2110 1668 2152 στρατιωτῶν
1698 2109 1767 2140 τῶν
1843 2107 1847 2142 2

1056 2162 1415 2210 συνεπιπορευομένων
1442 2163 1497 2207 12,
1517 2169 1558 2197 15
1841 2154 1848 2163 ³*

1011 2220 1350 2260 συνεπισκευάζοντες
1373 2220 1453 2264 483,
1473 2226 1512 2255 33

1010 2277 1207 2323 συνεργασία
1229 2282 1299 2312 τῶν
1323 2277 1579 2324 σκυτοβυρσέων
1604 2277 1683 2321 495,
1699 2281 1718 2318 ⁶,
1780 2320 1783 2322 ,

1009 2334 1193 2381 συνεργέω·
1219 2331 1686 2382 συνεργοῦντοςἹππομάχου
1703 2329 1794 2369 tofi?
1845 2327 1847 2330 ’

1052 2387 1268 2439 Ἱππομάχου
1284 2392 1364 2436 226,
1380 2399 1411 2427 6.
1449 2390 1562 2426 πολλὰ
1577 2390 1777 2439 συνήργηιιι-4
1787 2421 1792 2426 ,,

1052 2451 1126 2487 τοῖς
1145 2445 1302 2488 Ἰτανίοις
1324 2450 1527 2493 45,1o.11.
1564 2451 1639 2486 τοῖς
1663 2447 1793 2495 ἀρα-ἒ
1832 2477 1836 2480 .

1052 2504 1230 2550 νουμένοις
1261 2504 1406 2553 Δελφῶν
1439 2504 1520 2540 ποτὶ
1547 2505 1605 2539 τὸν
1639 2496 1787 2550 final}

1052 2558 1219 2610 Ἀντίοχον
1253 2565 1405 2610 συνεργεῖ
1434 2561 1521 2607 μετὰ
1548 2561 1660 2608 πάσης
1682 2559 1789 2652 πρσῑὶῇ
1838 2602 1847 2612 .

1052 2618 1180 2664 θυμίας
1204 2620 1283 2663 241,
1302 2626 1319 2654 9

1007 2789 1274 2838 συνευαρεστέω·
1298 2794 1548 2834 συνευαρεστῶν
1563 2791 1638 2828 τοῖς
1657 2766 1782 2838 προῖἶ

1051 2846 1275 2894 ηγγελμένοις
1321 2845 1441 2881 ἑαυτὸν
1488 2845 1680 2881 ἐπιδίδωσιν
1715 2841 1788 2902 τῆ
1831 2883 1834 2885 Α

1053 2903 1150 2938 πόλει
1175 2904 1254 2948 730,
1272 2911 1289 2938 6
1766 2907 1767 2910 ’
