1858 3126
84 169 165 214 888]
465 170 611 212 Legatio
634 170 832 213 Lyciorum
855 170 1009 204 Romam
1033 170 1078 203 de
1101 170 1279 203 libertate.
1577 171 1662 213 235

195 311 415 351 -------ον1
452 305 522 351 διὰ
558 309 762 365 προγόνων
793 306 1037 365 ὑπάρχοντα,
1072 306 1079 364 Ι
1110 309 1466 366 λυῑιιαρχήοαντα2
1493 311 1565 365 τοῦ
1593 308 1664 352 ἔθ-

171 382 173 384 ’
199 394 292 426 νους
323 377 330 434 Ι
359 374 434 426 τάς
462 377 598 435 τρ(ε)ἷς
629 374 864 434 συναγωγάς
892 379 962 419 τοῦ
992 375 1167 432 κοιΙνοΰῧ
1195 377 1387 435 καθαρῶς
1407 375 1476 420 καὶ
1495 379 1664 426 ἐνδόξως

152 457 173 490 5
198 445 269 490 καὶ
297 445 311 504 ΙΙ
339 445 404 490 ἐπὶ
434 447 676 504 συμφέροντι
704 448 775 488 τοῦ
803 444 947 493 ἔθνους
978 444 984 502 Ι
1015 444 1085 488 καὶ
1111 446 1415 503 πρεσβεύσαντα
1436 449 1633 505 ἐπιτυχῶς
1657 448 1662 502 Ι

199 514 298 573 ὑπὲρ
332 519 405 572 τῆς
440 516 677 572 ἐλευθερίας
706 513 776 557 καί
808 514 813 570 Ι
845 518 922 557 tam
953 516 1111 570 νόμων4
1139 513 1209 557 καί
1241 515 1538 573 ἱερατεύσανΙτα
1558 513 1665 559 Ῥώ-

179 705 191 733 4
227 701 371 735 Nomen
394 701 563 743 hominis,
589 701 693 734 cuius
717 700 786 733 hoc
811 699 878 732 fuit
895 702 1184 742 monumentum,
1210 700 1402 743 intercidit,
1428 701 1491 735 sed
1515 711 1560 735 ex
1584 703 1664 736 loco

81 759 147 793 ubi
170 761 359 793 inventum
383 761 439 793 est
462 759 661 792 conieceris
686 767 770 791 eum
795 758 913 791 civem
938 757 1127 792 Tloensem
1152 757 1275 791 fuisse.
1405 761 1425 791 2
1459 759 1509 793 Cf.
1533 759 1663 794 Strabo

81 817 172 860 XIV,
191 819 223 860 ⁸,
241 819 260 850 8
291 826 326 860 p.
340 819 423 852 ⁶⁶⁴:
462 814 525 850 εἰσὶ
563 814 602 849 δὲ
631 818 723 860 τρεῖς
753 815 812 849 καὶ
842 813 952 848 εἴκοσι
983 813 1096 853 πόλεις
1127 814 1162 849 αἱ
1196 819 1260 861 τῆς
1290 814 1409 862 ψήφου
1442 816 1664 863 μετέχουσαι·

82 873 299 921 συνέρχονται
323 873 362 908 δὲ
386 872 420 913 ἐξ
444 872 591 918 ἑκάστης
615 871 751 910 πόλεως
775 871 823 910 εἰς
846 871 961 906 ἰιοινὸν
987 872 1169 919 συνέδριον,
1199 871 1240 918 ἣν
1266 871 1306 907 ἂν
1331 871 1540 917 δοκιμάσωσι
1564 874 1664 909 πόλιν

82 929 255 977 ἑλόμενοι·
278 936 346 966 τῶν
371 931 410 966 δὲ
433 929 563 966 πόλεων
589 930 625 965 αἱ
648 929 800 977 μέγισται
824 930 885 975 μὲν
908 935 1010 976 τριῶν
1042 929 1167 977 ψήῳων
1199 928 1287 964 ἐστὶν
1324 930 1453 976 ἑκάστη
1483 931 1594 977 κυρία,
1630 932 1665 967 αἱ

81 988 120 1024 δὲ
143 988 244 1035 μέσαι
268 989 372 1033 δυεῖν,
397 988 433 1024 αἱ
457 984 486 1023 δ’
507 987 610 1023 άλλαι
635 991 731 1033 μιᾶς·
754 987 820 1023 ἀνὰ
842 986 943 1035 λόγον
969 987 1007 1022 δὲ
1029 987 1090 1022 καὶ
1111 988 1173 1027 τὰς
1205 987 1366 1034 εἰσφορὰς
1389 989 1585 1036 εἰσφέρουσι
1607 991 1665 1025 καὶ

80 1045 142 1085 τὰς
164 1045 272 1086 άλλας
295 1045 516 1094 λειτουργίας.
541 1045 577 1086 ἓξ
601 1046 639 1081 δὲ
661 1045 722 1084 τὰς
746 1044 905 1093 μεγίστας
930 1045 997 1092 ἔφη
1029 1045 1046 1080 ὁ
1070 1042 1316 1092 Ἀρτεμίδωρος
1340 1045 1485 1091 Ξάνθον,
1510 1045 1663 1095 Πάταρα,

81 1102 223 1151 Πίναρα,
239 1097 435 1150 Ὄλυμπον,
459 1101 576 1150 Μύρα,
603 1102 717 1147 Τλῶν,
740 1103 829 1138 κατὰ
850 1103 914 1150 τὴν
939 1102 1118 1151 ὑπέρθεσιν
1142 1103 1204 1148 τὴν
1236 1103 1284 1142 είς
1309 1101 1461 1150 Κιβύραν
1491 1106 1663 1152 κειμένην.

83 1161 118 1197 ἐν
142 1161 181 1196 δὲ
202 1163 253 1209 τῷ
274 1161 436 1208 συνεδρίῳ
460 1167 594 1208 πρῶτον
621 1163 682 1207 μὲν
703 1161 896 1209 λυιιάρχης
920 1162 1074 1206 αἱρεῖται,
1099 1159 1155 1195 εἶτ’
1175 1161 1277 1196 ἄλλαι
1295 1161 1397 1209 ἀρχαὶ
1414 1162 1448 1197 al
1463 1167 1524 1197 τοῦ
1542 1164 1664 1210 συστή-

84 1231 201 1264 ματος,
226 1219 427 1266 δικαστήριά
449 1231 486 1254 τε
509 1219 747 1254 ἀποδείκνυται
771 1220 881 1266 κοινῇ.
907 1220 996 1252 Hinc
1013 1222 1122 1262 patet,
1140 1220 1360 1262 lyciarcham
1378 1229 1457 1254 esse
1475 1230 1662 1255 summum

82 1285 127 1310 ex
143 1279 403 1312 communibus
421 1279 550 1320 Lyciae
568 1277 852 1320 magistratibus,
869 1278 932 1319 qui
956 1277 1149 1319 quotannis
1173 1287 1194 1310 a
1218 1278 1371 1311 concilio
1388 1280 1503 1320 gentis
1527 1280 1664 1313 electus

83 1336 117 1368 ei
140 1335 345 1378 praefuerit.
379 1335 448 1368 Sed
472 1335 516 1368 de
541 1345 583 1368 ea
607 1344 646 1368 re
670 1344 799 1377 magna
814 1337 870 1368 est
886 1335 980 1367 inter
995 1334 1160 1368 homines
1177 1335 1306 1368 doctos
1324 1335 1512 1378 dissensio,
1536 1339 1663 1371 utrum

83 1392 180 1425 idem
205 1394 253 1426 sit
276 1401 362 1426 cum
387 1393 574 1426 sacerdote
597 1393 751 1435 Augusti
775 1392 1059 1438 provincialian
1084 1392 1187 1426 alius.
1243 1392 1289 1425 At
1312 1393 1374 1426 Th.
1392 1394 1594 1428 Mommsen
1618 1404 1662 1428 ex

83 1449 246 1483 decretis*
254 1449 463 1484 honorificis
479 1450 683 1493 Opramoae
699 1450 970 1492 Rhodiapolitae
995 1449 1048 1491 (cf.
1073 1449 1274 1492 Heberdey,
1300 1451 1510 1493 Opramoas.
1528 1451 1663 1486 Vindo-

83 1506 200 1541 bonae
226 1510 325 1542 ⁴8⁹⁷.
360 1508 398 1541 R.
416 1507 550 1550 Cagnat
573 1508 683 1541 Inscr.
701 1507 758 1540 Gr.
777 1507 822 1540 ad
847 1516 904 1540 res
930 1508 1030 1540 Rom.
1048 1509 1140 1550 pert.
1154 1508 1200 1540 111
1224 1517 1259 1550 p.
1279 1510 1343 1541 265
1362 1517 1395 1541 n.
1411 1509 1488 1550 739)
1514 1509 1664 1543 demon-

82 1564 222 1608 stravit,
251 1573 366 1598 unum
400 1565 571 1608 idemque
606 1565 766 1598 officium
802 1564 996 1607 significari
1031 1565 1145 1598 titulis
1180 1563 1372 1612 λυκιάρχης
1412 1567 1448 1599 et
1486 1565 1663 1614 ἀρχιερεὺς

67 1619 218 1656 ’Λυκίων
247 1625 310 1656 τοῦ
338 1625 465 1656 κοινοῦ.
518 1623 660 1655 Etenim
691 1631 757 1665 per
787 1631 914 1656 omnes
946 1623 1011 1656 has
1042 1622 1181 1656 litteras
1216 1623 1325 1656 modo
1361 1624 1429 1657 hac
1459 1624 1570 1658 modo
1601 1625 1662 1659 illa

81 1680 324 1722 appellatione
347 1680 570 1723 significatur
593 1681 719 1722 honos,
744 1681 807 1722 qui
825 1682 944 1713 tamen
961 1679 1099 1722 ubique
1117 1680 1308 1714 manifesto
1323 1681 1423 1714 idem
1440 1684 1505 1716 est.
1543 1682 1662 1716 Semel

82 1736 172 1771 adeo
195 1737 288 1779 XIII,
304 1739 347 1770 35
373 1737 526 1780 legimus
551 1735 776 1781 [ἀναλαβ]ὼ[ν]
799 1736 861 1781 τὴν
886 1735 1089 1784 λυκιαρχίαν
1112 1737 1171 1770 καὶ
1192 1736 1255 1782 τὴν
1279 1742 1348 1771 τῶν
1374 1735 1575 1783 ΣεΙβασΙτῶν
1601 1738 1660 1785 ἀρ-

81 1793 306 1841 χιερωσύνην,
335 1804 421 1828 cum
450 1797 572 1828 tamen
601 1805 646 1828 ex
671 1795 724 1828 eis
753 1804 846 1837 quae
872 1796 1038 1838 proxime
1068 1797 1273 1838 sequuntur
1298 1799 1480 1839 appareat,
1513 1797 1558 1830 de
1586 1806 1660 1832 uno

85 1851 205 1885 officio
231 1851 313 1895 dici,
346 1861 420 1885 non
450 1853 494 1885 de
518 1852 673 1886 duobus.
722 1852 771 1886 Cf.
798 1862 831 1885 n.
852 1851 949 1886 4983.
1074 1855 1092 1884 3
1127 1852 1325 1891 Quotannis
1351 1855 1663 1887 auctumno'con-

83 1909 251 1942 veniebat
293 1910 486 1943 concilium
522 1910 718 1953 Lyciorum
756 1910 810 1951 (ct'.
847 1910 885 1943 G.
913 1910 1102 1952 Fougeres,
1152 1909 1196 1942 de
1232 1910 1428 1952 Lyciorum
1465 1913 1662 1954 communi,

83 1967 228 2001 Parisiis
260 1970 359 2010 ⁴898,
383 1977 418 2010 p.
438 1969 503 2010 58).
552 1968 620 2001 Sed
644 1969 704 2000 hic
728 1968 773 2000 de
797 1968 916 2000 tribus
940 1967 1109 2010 deinceps
1134 1968 1263 2001 annuis
1293 1969 1535 2002 conventibus
1566 1971 1663 2012 cogi-

83 2024 153 2058 tari
175 2025 302 2068 nequit
323 2027 473 2068 propter
498 2025 691 2058 articulum
715 2024 786 2062 τάς.
833 2026 949 2058 Immo
975 2034 1059 2057 cum
1077 2025 1234 2067 Cagnato
1260 2026 1493 2060 statuendum
1518 2029 1575 2060 est
1598 2036 1664 2071 per

83 2082 145 2116 illa
166 2083 333 2125 tempora
356 2083 561 2125 periculosa
584 2085 621 2116 et
636 2082 784 2116 turbida
800 2085 855 2115 ter
878 2091 944 2124 per
968 2082 1123 2115 eundem
1148 2092 1284 2116 annum
1302 2084 1432 2126 Lycios
1449 2086 1663 2118 convenisse

83 2140 127 2171 ut
149 2139 194 2172 de
218 2140 372 2172 summis
397 2139 508 2173 rebus
526 2141 602 2173 suis
620 2149 662 2173 ac
680 2141 839 2173 maxime
855 2139 1004 2182 quidem
1022 2139 1066 2172 de
1082 2139 1248 2173 libertate
1265 2141 1514 2175 conservanda
1531 2143 1615 2184 (not.
1631 2143 1661 2183 4)

84 2196 340 2230 consultarent.
434 2199 452 2229 4
485 2198 660 2239 Legatum
678 2198 724 2230 ad
740 2198 985 2230 Romanorum
1002 2198 1261 2246 imperatorem
1278 2199 1363 2231 iisse
1388 2208 1460 2232 non
1485 2201 1540 2232 est
1564 2201 1663 2242 quod

84 2252 201 2286 fusius
225 2253 502 2286 demonstretur.
552 2254 621 2287 Sed
646 2254 690 2287 de
715 2256 879 2296 tempore
903 2254 1153 2287 difficillimum
1178 2257 1234 2288 est
1257 2256 1447 2289 iudicium.
1483 2256 1662 2298 Cagnatus

83 2310 180 2343 enim
204 2311 372 2353 proximo
397 2312 479 2343 ante
503 2320 534 2344 a.
561 2313 601 2343 43
628 2320 664 2353 p.
681 2311 762 2344 Chr.
780 2321 814 2344 n.
840 2313 1005 2354 tempore
1028 2312 1117 2345 haec
1141 2313 1254 2345 incisa
1283 2312 1430 2355 iudicat,
1461 2323 1535 2355 quo
1566 2323 1661 2347 anno

84 2367 257 2400 Claudius
280 2367 400 2410 Lyciis
423 2368 628 2401 libertatem
659 2368 804 2401 ademit.
859 2368 908 2402 Cf.
933 2369 1078 2402 Cassius
1101 2370 1167 2403 Dio
1192 2370 1262 2412 LX,
1290 2372 1342 2412 47,
1361 2373 1399 2402 3:
1430 2369 1509 2408 τοὺς
1531 2381 1568 2403 τε
1592 2369 1663 2404 Λυ-

83 2423 178 2463 κίους
202 2424 453 2468 στασιάσαντας,
479 2424 564 2458 ὥστε
587 2425 649 2465 καὶ
671 2421 862 2470 Ῥωμαίους
884 2425 978 2463 τινὰς
1001 2424 1213 2470 ἀποκτεῖναι,
1245 2426 1458 2461 ἐδουλώσατό
1483 2439 1520 2460 τε
1543 2427 1602 2461 καὶ
1627 2428 1662 2465 ἐς

84 2480 142 2515 τὸν
165 2485 228 2527 τῆς
252 2479 457 2528 Παμφυλίας
480 2482 584 2526 νομὸν
610 2481 803 2529 ἐσὲγραψεν.
839 2484 885 2517 At
909 2484 1119 2526 quicunque
1144 2485 1234 2518 haec
1258 2485 1354 2517 nulla
1372 2486 1542 2527 opinione
1558 2494 1662 2527 prae-

85 2541 285 2582 occupatus
315 2540 457 2582 legerit,
489 2541 520 2574 is
543 2540 705 2583 profecto
730 2543 810 2574 tum
834 2542 975 2575 nullum
999 2542 1109 2575 fuisse
1134 2544 1278 2584 tempus
1303 2551 1520 2584 persuasum
1553 2543 1662 2575 habe-

86 2595 150 2639 hit,
179 2606 255 2639 quo
286 2597 422 2639 legatos
452 2598 646 2640 Lyciorum
681 2599 832 2632 Romam
866 2599 910 2632 de
952 2599 1117 2632 libertate
1156 2599 1250 2632 felici
1289 2602 1422 2632 eventu
1454 2601 1538 2632 iisse
1571 2601 1616 2640 (v.
1642 2603 1661 2632 6

86 2651 335 2697 πρεσβεύσαντα
364 2652 577 2702 ἐπιτυχῶς
606 2653 692 2701 ὑπὲρ
715 2659 777 2700 τῆς
802 2654 996 2702 ἐλευθερίας
1027 2656 1086 2689 καὶ
1114 2660 1182 2688 τῶν
1211 2655 1338 2700 νόμων)
1364 2657 1399 2688 in
1425 2658 1660 2688 monumento

87 2708 277 2743 honorario
301 2711 583 2753 praedicaretur.
631 2711 748 2751 Quare
772 2715 834 2746 aut
858 2713 904 2746 ad
926 2712 1146 2755 libertatem,
1166 2722 1277 2755 quam
1301 2714 1381 2744 tum
1406 2712 1577 2744 Claudius
1601 2720 1661 2743 su-

88 2759 248 2809 stulerat,
271 2769 400 2809 postea
415 2769 535 2811 Lyciis
557 2770 763 2803 restitutam
787 2770 972 2803 referenda
995 2772 1081 2802 sunt
1104 2770 1199 2802 tituli
1218 2769 1339 2810 verba,
1364 2778 1436 2810 qua
1459 2769 1503 2800 de
1520 2777 1559 2800 re
1575 2776 1661 2800 sane

88 2822 176 2855 nihil
199 2824 297 2864 quod
321 2826 434 2858 sciam
457 2828 654 2860 memoriae
678 2827 865 2869 proditum
882 2829 948 2870 est,
973 2829 1036 2860 aut
1053 2827 1157 2868 longe
1173 2827 1375 2867 antiquiora
1392 2826 1481 2857 haec
1497 2824 1661 2858 habenda

89 2880 174 2912 sunt
196 2881 233 2911 et
255 2880 498 2923 intellegenda.
511 2884 555 2916 de
587 2885 649 2926 eis,
680 2894 773 2926 quae
795 2885 841 2917 M.
857 2885 1033 2917 Antonius
1066 2885 1150 2925 post
1179 2883 1369 2915 victoriam
1395 2881 1660 2923 Philippensem

89 2937 144 2977 (⁴2
169 2945 199 2968 a.
217 2936 298 2970 Chr.
315 2937 360 2978 n.)
386 2939 422 2970 in
444 2939 527 2972 Asia
552 2942 672 2981 gessit.
719 2941 811 2974 Tum
836 2942 933 2974 enim
957 2941 1076 2982 Lyciis
1106 2940 1309 2972 libertatem
1333 2941 1369 2970 et
1393 2938 1658 2971 immunitatem
