1858 3126
169 116 252 157 278
395 115 485 146 VIII.
521 113 668 155 Imperii
691 113 842 146 Romani
866 113 1076 155 provinciae
1101 113 1303 146 orientales.
1353 115 1384 145 7.
1410 113 1526 155 Syria.
1627 112 1755 155 [586-

286 248 498 307 ξ[άνὸρου5
538 249 543 307 Ι
583 249 779 307 ἐπ]άρχου
823 250 921 305 [τ]οδ
956 247 1193 305 Ἰουὸαἰ’[κοΰ
1240 252 1408 306 στρατοῦ
1419 251 1447 304 ⁶,
1489 247 1494 307 Ι
1531 249 1753 306 ἐπίτ]ροπον

217 330 257 362 10
287 319 490 376 Συρ[ίας7,
521 318 698 377 ἔπαρχον
730 321 771 362 ἐν
806 318 810 375 Ι
843 318 1095 375 Αἰγόπτ]ωι8
1124 321 1318 374 λεγεῶνος
1354 319 1550 375 ε[ἰκοστῆς
1579 316 1591 375 Η
1621 319 1755 361 δευτέ-

288 388 373 445 ρας]
386 390 412 430 ⁹.

170 521 290 564 habet,
304 521 470 554 Latinum
487 519 776 564 subprocwrator.
814 520 969 553 Adiutor
985 522 1021 552 et
1037 521 1196 553 vicarius
1209 520 1260 552 Ti.
1273 519 1354 552 Iulii
1366 519 1559 553 Alexandri
1577 519 1660 561 (not.
1675 522 1707 553 5.
1722 519 1753 561 6)

170 579 237 611 fuit
261 579 396 611 Plinius
429 578 523 611 bello
547 578 705 620 Iudaico,
739 587 812 619 quo
844 577 1033 610 manifesto
1064 579 1205 619 spectat
1235 577 1316 610 Nat.
1341 577 1424 610 hist.
1451 576 1561 619 praef.
1587 577 1608 617 ξ
1627 579 1658 619 3,
1689 576 1755 609 ubi

169 637 289 669 Titum
307 636 495 678 alloquens
515 636 694 668 exclamat
709 637 740 668 et
755 633 860 668 nobis
876 633 1021 678 quidem
1036 632 1156 677 qualis
1171 632 1216 667 in
1231 631 1411 668 castrensi
1425 631 1657 668 contubernio
1664 633 1680 666 !
1707 634 1752 667 M.

171 697 188 726 5
224 694 273 726 Cf.
298 703 331 726 n.
359 697 436 736 669,
461 696 491 726 2.
519 695 536 724 3
569 702 653 726 cum
686 693 792 725 notis.
843 692 1159 734 Prosopographia
1190 692 1277 734 imp.
1303 692 1404 724 Rom.
1430 692 1460 723 II
1493 701 1527 733 p.
1546 692 1612 724 464
1645 700 1679 724 n.
1697 694 1754 724 92.

171 754 190 783 6
223 752 413 793 Supplevit
435 751 648 793 Mommsen,
674 759 759 782 cum
776 750 947 782 Franzius
972 749 1016 782 de
1034 750 1284 791 procuratoris
1302 748 1434 790 officio,
1459 757 1532 790 quo
1554 748 1756 781 Alexander

169 818 262 842 anno
290 810 331 841 46
357 817 392 851 p.
411 808 492 842 Chr.
511 817 543 840 n.
569 808 716 841 functus
741 809 818 840 erat
850 807 1036 849 (Iosephus
1059 807 1140 839 Ant.
1165 807 1243 849 XX,
1270 809 1347 839 ⁴00.
1383 806 1468 840 Bell.
1492 807 1534 849 ΙΙ,
1561 808 1638 839 220.
1666 806 1755 849 3⁰9),

169 867 331 908 cogitans
363 868 423 899 τοῦ
444 861 650 908 Ἰουὸα“ί[ν.οῦ
681 863 813 907 ἔθνους]
849 865 1079 898 restituisset.
1134 865 1170 897 Si
1203 864 1348 906 quando
1385 864 1520 897 bellum
1557 863 1755 905 gerendum

169 925 246 957 erat
278 924 416 957 maiore
448 924 621 966 exercitu,
654 923 714 956 cui
745 932 819 955 non
851 923 930 964 ipse
962 923 1143 965 princepS‚
1178 922 1242 954 sed
1270 922 1381 955 homo
1411 922 1587 954 senatorii
1617 921 1755 954 ordinis

169 983 346 1024 praeerat,
372 982 612 1023 imperatores
628 981 662 1013 ei
686 980 894 1013 adiunxisse
911 981 1071 1022 equitem
1089 980 1293 1012 Romanum
1317 980 1372 1011 rei
1394 979 1560 1012 militaris
1585 979 1754 1020 peritum,

170 1039 234 1080 qui
247 1048 332 1071 eum
346 1038 455 1071 simul
470 1037 659 1071 adiuvaret
674 1039 710 1070 et
725 1037 948 1078 observaret,
961 1039 997 1069 et
1012 1046 1057 1069 ex
1071 1037 1143 1069 hoc
1155 1037 1261 1069 titulo
1279 1037 1430 1078 apparet
1441 1032 1536 1069 etex
1550 1037 1755 1069 narratione

170 1097 326 1138 Iosephi,
358 1095 423 1128 ubi
448 1097 478 1128 is
506 1095 550 1128 de
581 1095 720 1127 ratione
750 1095 844 1126 inter
876 1094 997 1126 Titum
1022 1094 1213 1126 Caesarem
1243 1094 1280 1126 et
1303 1093 1487 1126 Tiberium
1511 1093 1755 1126 Alexandrum

170 1153 284 1186 verba
308 1153 403 1185 facit.
446 1152 495 1185 Cf.
522 1152 605 1184 Bell.
622 1151 664 1194 V,
683 1153 727 1184 46
754 1149 912 1196 Τιβέριος
927 1147 1141 1195 Ἀλέξανδρος
1164 1168 1211 1175 —-
1234 1149 1312 1184 τότε
1332 1167 1382 1174 -
1402 1154 1473 1183 τῶν
1496 1149 1756 1195 στρατευμάτων

170 1209 295 1256 ἅρχων.
333 1210 390 1252 VI,
410 1212 475 1242 237
501 1206 657 1255 Τιβερίου
681 1219 717 1241 τε
733 1204 950 1252 Ἀλεξάνδρου
975 1210 1035 1240 τοῦ
1059 1207 1195 1241 πάντων
1211 1211 1279 1240 τῶν
1306 1205 1564 1252 στρατευμάτων
1589 1205 1757 1254 ἐπάρχον-

168 1278 236 1309 τος,
273 1267 338 1300 ubi
375 1267 412 1299 in
447 1275 519 1299 usu
554 1265 658 1299 verbi
695 1266 889 1308 compositi
926 1265 1079 1298 fortasse
1108 1266 1286 1298 memoria
1320 1265 1572 1308 appellationis
1607 1262 1757 1311 ἔπαρχος

171 1323 409 1368 (praefectus),
423 1333 534 1366 quam
551 1324 612 1356 hic
628 1323 816 1365 habemus,
835 1323 960 1356 valuit.
996 1323 1072 1356 Nec
1087 1323 1191 1356 aliter
1208 1323 1473 1366 accipiendum,
1486 1322 1585 1365 quod
1601 1322 1756 1356 eundem

171 1383 221 1415 Ti.
238 1382 482 1415 Alexandrum
509 1382 654 1414 Tacitus
678 1382 766 1414 Anu.
784 1380 860 1423 XV,
879 1383 934 1422 28,
965 1390 1052 1414 cum
1078 1380 1238 1413 Corbulo
1262 1382 1391 1414 contra
1414 1381 1566 1414 Parthos
1596 1380 1756 1413 mittere·

169 1442 229 1472 tur
254 1449 346 1472 anno
375 1442 415 1471 63
441 1448 475 1481 p.
495 1439 576 1472 Chr.
595 1448 640 1481 n.,
671 1436 889 1472 ministrum
912 1436 997 1471 bello
1021 1437 1149 1472 datum
1179 1447 1199 1471 a
1223 1437 1365 1471 Nerone
1390 1437 1508 1471 refert.
1554 1438 1757 1471 Mommsen

169 1497 259 1539 Eph.
283 1498 395 1538 epigr.
414 1497 444 1528 V
469 1506 504 1538 p.
523 1499 600 1529 578.
720 1499 739 1527 7
770 1496 1047 1528 Procurationes
1080 1495 1394 1537 splendidissimas
1422 1495 1578 1536 gessisse
1602 1494 1757 1528 Plinium

170 1555 207 1587 in
230 1555 306 1587 vita
331 1554 549 1587 Suetoniana
573 1554 715 1595 legitur,
746 1562 857 1585 unam
890 1562 935 1585 ex
959 1553 1011 1585 eis
1035 1552 1310 1595 Hispaniensem
1339 1552 1452 1585 fuisse
1475 1552 1612 1585 Plinius
1636 1553 1757 1584 minor

170 1613 326 1644 testatur
351 1611 425 1653 (Ep.
443 1611 500 1653 Ill,
519 1613 550 1652 5,
571 1613 611 1642 ⁴7
637 1619 721 1643 eum
739 1611 955 1653 procuraret
977 1607 1022 1642 ‘in
1045 1607 1257 1652 Hispania).
1299 1609 1368 1641 Sed
1390 1617 1457 1641 nec
1482 1609 1571 1641 haec
1593 1617 1661 1642 nee
1683 1608 1757 1641 ulla

171 1669 240 1702 alia
252 1671 397 1711 praeter
410 1669 596 1710 Syriacam
614 1668 674 1700 hic
690 1669 1013 1700 commemoratur.
1050 1667 1128 1705 Qua
1145 1666 1401 1700 observatione
1421 1674 1511 1699 cave
1531 1666 1694 1699 abutaris
1711 1665 1757 1699 ad

170 1726 388 1759 Mommseni
412 1726 558 1758 titulum
584 1725 629 1757 ad
654 1725 811 1757 Plinium
835 1725 1022 1757 referentis
1047 1724 1263 1757 sententiam
1287 1723 1525 1756 refutandam.
1563 1722 1656 1757 Nam
1679 1723 1757 1756 sive

173 1784 305 1816 Plinius
338 1783 406 1816 fuit
438 1786 516 1815 sive
546 1783 638 1815 alius
663 1783 727 1824 qui
759 1783 867 1814 huius
898 1782 995 1814 tituli
1019 1783 1157 1814 honore
1188 1781 1357 1823 afficitur,
1388 1781 1517 1822 utique
1546 1779 1757 1814 incredibile

171 1843 226 1873 est
258 1850 343 1873 eum
376 1840 475 1873 nulla
508 1840 673 1872 functum
707 1848 787 1872 esse
817 1840 1077 1881 procuratione
1109 1838 1326 1881 provinciali
1356 1839 1502 1880 praeter
1531 1838 1629 1871 illam
1662 1846 1757 1879 quae

171 1899 335 1931 omnium
353 1898 582 1930 nobilissima
598 1899 686 1939 erat,
711 1897 761 1929 ita
778 1899 819 1929 ut
836 1897 871 1929 C.
890 1897 915 1929 Ι.
930 1897 1003 1929 Lat.
1021 1897 1078 1939 III,
1095 1898 1194 1938 6034,
1215 1898 1228 1928 4
1252 1895 1356 1937 quasi
1373 1895 1555 1936 fastigium
1572 1894 1758 1928 columen-

171 1965 243 1997 que
268 1957 315 1988 sit
338 1956 465 1996 longae
490 1955 596 1987 seriei
623 1954 826 1986 officiorum
851 1954 1088 1995 equestrium.
1128 1953 1313 1985 Omissum
1329 1952 1440 1993 igitur
1461 1951 1521 1984 hic
1537 1959 1618 1984 esse
1642 1952 1757 1984 maio-

174 2021 249 2044 rem
276 2013 500 2044 minoremve
522 2012 603 2043 eius
631 2011 771 2052 generis
797 2011 1077 2052 magistratuum
1108 2018 1302 2042 numerum
1335 2010 1496 2051 apparet.
1614 2011 1632 2041 8
1665 2009 1756 2050 Sup-

173 2069 285 2110 plevit
303 2070 519 2110 Mommsen;
545 2077 629 2101 nam
655 2069 724 2101 hoc
749 2068 829 2100 loco
846 2068 958 2100 alium
983 2076 1026 2100 ac
1049 2067 1222 2109 praefecti
1237 2066 1386 2108 legionis
1403 2065 1557 2107 gradum
1577 2066 1755 2108 scriptum

172 2135 243 2159 non
268 2126 380 2159 fuisse
403 2127 544 2158 certum
569 2127 634 2158 est.
682 2125 792 2167 Atqui
816 2126 974 2167 legiones
999 2126 1078 2157 tum
1103 2125 1278 2165 temporis
1308 2123 1345 2156 in
1370 2123 1584 2156 universum
1607 2121 1755 2165 quidem

171 2183 344 2216 senatorii
368 2183 505 2215 ordinis
530 2183 656 2224 legatis
681 2182 867 2225 parebant,
893 2182 957 2215 sed
981 2190 1042 2214 eas
1067 2190 1160 2223 quae
1184 2181 1220 2213 in
1235 2181 1401 2222 Aegypto
1422 2180 1620 2213 collocatae
1643 2181 1756 2222 erant,

171 2242 309 2283 quippe
334 2249 443 2282 quam
469 2249 514 2272 ne
538 2241 672 2272 intrare
696 2240 844 2282 quidem
872 2240 996 2272 liceret
1021 2238 1178 2272 senatori
1204 2238 1294 2279 (Tac.
1314 2239 1402 2270 Anu.
1424 2238 1466 2280 11,
1492 2238 1558 2279 59),
1584 2236 1758 2279 praefecti

172 2298 351 2339 equestris
377 2297 513 2330 ordinis
539 2296 731 2330 ducebant.
858 2300 876 2329 9
912 2296 1101 2339 Supplevit
1125 2296 1336 2330 Mommsen.
1379 2295 1525 2327 Praeter
1549 2294 1757 2327 duoetvice-

173 2356 303 2387 simam
328 2355 596 2386 Deiotarianam
622 2355 658 2386 in
683 2362 834 2387 censum
854 2355 954 2387 venit
978 2354 1083 2386 tertia
1102 2353 1309 2395 Cyrenaica.
1350 2351 1443 2385 Nem
1467 2344 1535 2384 hae
1559 2351 1653 2384 duee
1676 2353 1756 2384 tum

175 2412 210 2445 in
242 2412 408 2453 Aegypto
442 2412 634 2443 stationem
666 2412 859 2445 habebant.
910 2411 958 2444 Cf.
985 2421 1018 2444 n.
1044 2411 1143 2444 2051.
1191 2410 1260 2443 Sed
1292 2410 1412 2442 littera
1443 2409 1590 2442 initialis
1615 2410 1754 2442 servata

173 2469 302 2503 suadet
326 2471 367 2501 ut
391 2468 488 2500 illam
514 2469 637 2509 potius
662 2469 924 2510 intellegamus.

261 2655 346 2699 587
387 2658 504 2697 Basis
533 2657 751 2695 marmoris
772 2657 962 2696 Pentelici
992 2657 1159 2696 inventa
1179 2656 1219 2694 in
1240 2664 1333 2694 arce
1353 2654 1603 2693 Athenarum
1623 2654 1756 2693 orien-

172 2733 256 2768 tem
275 2739 419 2767 versus
450 2738 475 2765 a
493 2725 764 2765 Parthenone.
817 2726 915 2764 Edd.
949 2724 1118 2764 Pittakis
1139 2721 1228 2778 Ἐφ.
1255 2722 1347 2777 ἀρχ.
1372 2722 1468 2761 363.
1520 2721 1561 2762 C.
1583 2722 1755 2762 Bursian

173 2798 262 2837 Ber.
286 2798 359 2836 der
379 2795 511 2836 sache.
534 2795 625 2834 Ges.
653 2795 725 2834 der
744 2793 991 2833 Wissensch.
1014 2794 1121 2832 4860
1147 2805 1187 2845 p.
1207 2791 1252 2832 2⁴
1266 2792 1303 2831 8.
1346 2791 1407 2830 Ex
1427 2790 1616 2831 Koehleri
1635 2791 1756 2831 colla-

171 2866 281 2905 tione
303 2867 365 2905 W.
380 2865 664 2916 Dittenherger
685 2863 726 2903 C.
742 2864 771 2902 I.
787 2861 833 2902 A.
851 2863 915 2914 III,
935 2863 1031 2903 622.
1075 2862 1132 2902 Cf.
1156 2860 1396 2913 Ephemeris
1418 2860 1542 2912 epigr.
1565 2859 1583 2898 I
1602 2872 1641 2912 p.
1655 2859 1752 2899 245.

1843 1423 1858 1569 ἑ
