1858 3126
217 156 301 196 400
398 154 487 187 VIII.
525 154 671 196 Imperii
696 154 846 186 Romani
870 154 1079 196 provinciae
1104 155 1307 188 orientales.
1357 159 1388 188 9.
1413 156 1612 199 Aegyptus.
1720 157 1799 200 [669

334 291 548 345 ζητήσατε,
587 289 732 337 καύτὸς
769 288 813 331 δὲ
850 288 1122 346 φυλάσσω<ι>,
1165 292 1268 333 ὥστε
1314 292 1466 347 μηδένα
1510 295 1586 334 τῶν
1633 293 1799 349 ἐνγενῶν

229 360 255 411 ξ
274 360 300 398 7
327 355 618 414 Ἀλεξανδρέων
641 359 697 405 εἰς
726 359 972 415 λειτουργίας
992 357 1175 416 χωρικάς
1185 361 1220 388 ⁶⁷
1241 359 1426 416 ἄγεσθαι.
1450 385 1506 390 -
1527 362 1695 416 μελήσει
1714 362 1759 403 δέ
1789 361 1801 417 ΙΙ

260 437 304 470 35
333 443 401 482 μοι
435 424 504 468 καὶ
539 424 612 474 τὰς
649 427 888 484 στρατηγίας
927 425 1026 483 μετὰ
1067 427 1372 485 διαλογισμὸνθῧ
1402 428 1500 486 πρὸς
1536 430 1708 486 τριετίαν
1739 431 1802 472 ἐν·

228 497 253 548 ξ
272 497 296 535 8
328 494 534 552 χ(ε)ιρίζειν
546 497 582 524 ⁶⁹
610 496 692 543 τοῖς
723 497 1159 552 κατασταθησομένοις.
1191 521 1250 527 ——
1278 497 1458 540 καθόλου
1496 496 1540 539 δὲ
1569 498 1799 553 κελεύω<ι>,

331 562 472 612 ὁσάκις
502 563 680 621 ἔπαρχος
711 562 767 607 ἐπ’
796 564 914 607 αὐτὸν
953 565 1131 621 ἀχθέντα
1167 565 1358 622 ἔφθαΙσεν
1394 565 1553 622 κρείνας
1585 567 1799 621 ἀπολῦσαι,

332 633 474 689 μηκέτι
504 634 561 680 εἰς
593 632 851 689 διαλογισμὸν
883 633 1111 690 ἄγεσθαιΊθ.
1152 632 1225 676 ἐὰν
1266 633 1309 676 δὲ
1345 633 1413 676 καὶ
1452 634 1523 677 δύο
1553 634 1727 692 ἔπαρχοι
1755 634 1799 676 τὸ

308 797 348 826 67
383 795 623 836 Liturgiarum
657 794 790 836 duplex
821 794 888 827 fuit
910 803 1034 836 genus,
1066 804 1223 837 quorum
1250 795 1403 827 alterum
1427 795 1472 828 ad
1498 795 1800 829 administrandas

215 851 318 883 urbis
342 852 431 893 eius,
462 853 565 884 cuius
597 852 695 884 cives
726 854 828 884 erant
851 852 983 894 Murgi,
1018 860 1075 884 res
1107 852 1345 894 municipales
1371 851 1554 893 (πολιτικαὶ
1585 851 1802 897 λειτουργίαι,

216 908 329 941 veluti
346 909 659 951 gymnasiarcbIa),
680 908 834 941 alterum
855 909 901 941 ad
918 908 1102 950 publicam
1123 910 1329 951 provinciae
1345 909 1500 952 Aegypti
1518 909 1800 943 administratio-

215 974 297 997 nem
327 965 483 1011 (χωρικαὶ
504 963 722 1010 λειτουργίαι,
758 965 869 998 veluti
895 965 1094 1010 πράκτορες,
1119 964 1299 1010 σιτολόγοι,
1331 964 1543 1012 ἐπιτηρηταί,
1570 965 1796 1012 εἰρηνάρχαι),

214 1024 408 1064 spectaret.
449 1022 516 1054 Sed
533 1022 570 1054 hi
587 1031 743 1064 quoque,
772 1022 839 1054 etsi
857 1023 1031 1064 principis
1049 1023 1141 1054 nutu
1158 1024 1194 1054 et
1213 1023 1384 1064 auspiciis
1403 1022 1523 1055 officio
1549 1023 1802 1066 fungebantur,

214 1081 335 1112 tamen
361 1089 381 1112 a
398 1080 626 1121 singulorum
653 1079 874 1121 oppidorum
892 1080 1132 1120 vicorumque
1156 1079 1284 1112 incolis
1308 1079 1503 1112 laterculus
1527 1080 1664 1113 civium
1689 1081 1800 1122 magi-

215 1136 389 1169 stratibus
419 1136 664 1178 imperatoriis
689 1136 911 1178 tradebatur,
946 1145 990 1168 ex
1015 1145 1089 1177 quo
1124 1136 1175 1168 illi
1199 1136 1433 1179 eligerentur;
1464 1138 1548 1179 post
1572 1145 1707 1170 annum
1733 1139 1799 1169 202

214 1203 248 1235 p.
258 1194 379 1226 Chr.n.
398 1193 444 1225 ab
469 1193 559 1234 ipsis
577 1193 761 1226 senatibus
779 1194 982 1226 civitatium
1001 1193 1228 1226 creabantur.
1263 1193 1311 1226 Cf.
1336 1194 1370 1226 F.
1382 1193 1562 1236 Preisigke
1578 1194 1799 1227 Stadtisclies

214 1251 510 1282 Beamtenwesen
541 1250 590 1282 im
622 1251 828 1283 romischen
860 1250 1048 1292 Aegypten
1080 1259 1113 1292 p.
1133 1253 1174 1282 20
1190 1259 1268 1292 sqq.
1411 1253 1452 1283 68
1487 1250 1521 1283 U.
1545 1250 1711 1284 Wilcken
1741 1251 1797 1283 Gr.

215 1307 393 1340 Ostrakal
417 1316 451 1349 p.
472 1309 536 1338 622
563 1308 636 1339 not.
654 1309 673 1339 2
699 1307 756 1340 his
781 1306 928 1349 probari
954 1307 1052 1348 dicit,
1077 1308 1108 1340 si
1132 1309 1312 1349 strategus
1337 1307 1553 1349 magistratu
1569 1307 1695 1349 abiret,
1720 1308 1801 1340 eius

215 1365 568 1397 administrationem
594 1374 613 1397 a
639 1364 820 1406 praefecto
846 1365 1043 1397 examinari
1069 1364 1212 1397 solitam
1237 1373 1328 1407 esse,
1359 1373 1452 1407 quae
1483 1373 1541 1397 res
1571 1365 1631 1397 hic
1654 1365 1801 1397 nomine

214 1420 428 1466 ῧιαλογισμός
453 1421 684 1454 indicaretur.
726 1422 795 1454 Sed
819 1422 855 1454 in
880 1422 948 1454 hac
971 1422 1266 1464 interpretatione
1285 1422 1372 1454 mihi
1397 1422 1574 1464 displicet,
1598 1421 1700 1464 quod
1715 1423 1799 1464 post

215 1479 392 1521 prioris
428 1479 576 1520 strategi
602 1477 821 1523 διαλογισμόν
847 1479 980 1511 alteri
1012 1479 1262 1520 magistratum
1293 1480 1330 1511 in
1354 1479 1549 1512 triennium
1581 1487 1620 1511 se
1651 1479 1801 1511 manda-

216 1538 340 1568 turum
373 1536 536 1567 enuntiat
565 1535 780 1577 praefectus,
813 1544 929 1577 neque
961 1538 1080 1568 tamen
1120 1536 1194 1569 ullo
1227 1535 1341 1568 verbo
1379 1535 1524 1578 indicat,
1561 1535 1606 1568 de
1640 1535 1798 1568 duorum

215 1593 406 1625 hominum
440 1592 550 1624 rebus
577 1592 730 1624 diversis
756 1601 794 1625 se
819 1593 949 1625 dicere.
991 1593 1108 1631 Quare
1132 1593 1253 1625 nesclo
1278 1602 1322 1626 an
1347 1592 1391 1625 de
1415 1593 1530 1635 ipsius
1555 1593 1614 1625 cui
1638 1592 1798 1626 officium

215 1649 407 1682 mandatur
431 1649 648 1690 probatione
669 1647 872 1692 (δοκιμασίᾳ)
898 1658 1031 1682 nomen
1056 1650 1115 1682 hic
1131 1650 1382 1692 accipiendum
1399 1650 1463 1692 sit;
1492 1649 1584 1683 intra
1607 1659 1642 1682 v.
1662 1652 1704 1682 36
1717 1658 1798 1692 sqq.

215 1715 300 1739 sane
325 1706 514 1738 manifesto
540 1706 645 1738 aliam
680 1706 864 1738 notionem
890 1706 1008 1738 habet.
1128 1710 1169 1739 69
1203 1708 1388 1748 strategos
1418 1715 1612 1740 nemorum
1644 1716 1664 1739 a
1694 1715 1801 1749 prae-

215 1763 306 1797 fecto
339 1764 525 1796 institutos
556 1771 636 1796 esse
673 1763 732 1795 hic
762 1763 943 1804 videmus;
984 1763 1046 1796 sed
1078 1764 1176 1805 quod
1214 1764 1371 1797 editores
1406 1773 1450 1797 ex
1483 1765 1554 1797 hoc
1589 1764 1683 1797 tituli
1715 1764 1795 1797 loco

214 1821 387 1863 colligunt
402 1830 486 1853 eum
506 1821 758 1862 magistratum
773 1821 809 1853 in
827 1829 980 1852 numero
1006 1818 1222 1866 λειτουργιῶν
1246 1825 1407 1867 χωρικῶν
1433 1821 1555 1863 fuisse,
1580 1821 1617 1854 id
1636 1821 1800 1854 luculen-

214 1879 355 1911 tissime
392 1877 562 1911 refutavit
597 1877 762 1909 Wilcken
801 1877 953 1910 Hermae
984 1877 1114 1909 XXVII
1146 1885 1181 1919 p.
1206 1879 1271 1909 287
1285 1886 1363 1919 sqq.
1423 1877 1566 1910 Etenim
1600 1878 1694 1910 inter
1729 1877 1749 1916 ἓ
1776 1881 1797 1910 6

215 1936 258 1976 (ν.
286 1935 432 1976 32-34)
464 1936 500 1967 et
530 1935 551 1975 ξ
577 1938 594 1966 7
628 1935 785 1975 (34-35)
819 1943 864 1966 ne
894 1934 1113 1966 levissimam
1147 1934 1296 1975 quidem
1334 1934 1557 1967 intercedere
1591 1935 1796 1976 argumenti

216 1992 517 2025 necessitudinem
550 1990 781 2024 manifestum
814 1992 878 2024 est.
927 1990 1094 2023 Ceterum
1125 1990 1284 2023 notabile
1314 1992 1380 2032 est,
1412 1991 1481 2023 bac
1513 1990 1659 2033 quidem
1691 1999 1798 2033 para-

215 2049 351 2090 grapho
382 2057 455 2080 non
486 2047 734 2090 praescribere
770 2047 1024 2088 Alexandrum,
1060 2047 1147 2089 quid
1178 2047 1256 2079 fieri
1286 2047 1384 2089 velit,
1415 2047 1479 2080 sed
1518 2047 1678 2080 indicare
1707 2048 1797 2090 quid

215 2107 293 2148 ipse
322 2105 483 2138 facturus
514 2106 577 2147 sit;
611 2105 710 2146 quod
740 2105 786 2138 ab
819 2105 926 2138 edicti
961 2106 1088 2137 natura
1119 2106 1155 2137 et
1184 2104 1336 2137 consilio
1370 2105 1582 2146 neutiquam
1612 2105 1794 2138 abhorret.

215 2165 256 2195 ’10
290 2162 426 2195 Iudicia
451 2159 597 2206 (κρίσεις)
622 2162 805 2204 praefecti,
831 2162 867 2194 in
892 2161 1026 2203 qulbus
1043 2161 1207 2194 homines
1232 2162 1295 2194 aut
1310 2160 1450 2194 absolvi
1475 2159 1708 2203 (ἀπολύεσθαι)
1732 2163 1798 2196 aut

214 2219 445 2253 condemnari
463 2216 744 2263 (κατακρίνεσθαι)
762 2219 821 2251 hic
839 2218 1021 2261 dicuntur,
1047 2219 1146 2251 totus
1169 2219 1275 2251 tenor
1293 2218 1400 2251 docet
1418 2227 1490 2251 non
1509 2218 1554 2251 de
1573 2219 1673 2252 omni
1689 2219 1798 2252 iuris-

215 2277 383 2310 dictionis
400 2285 530 2317 genere
546 2276 583 2308 in
599 2276 812 2308 universum
829 2274 1075 2317 intellegenda,
1089 2274 1152 2308 sed
1169 2275 1214 2308 ad
1232 2283 1323 2308 unas
1340 2276 1607 2309 controversias
1627 2275 1672 2308 de
1685 2276 1794 2309 vecti-

214 2334 367 2375 galibus,
392 2342 484 2375 quae
509 2333 642 2375 cuique
666 2332 854 2375 pendenda
874 2333 956 2375 sint,
982 2331 1177 2365 referenda.
1219 2331 1318 2371 Quae
1342 2340 1400 2365 res
1417 2333 1463 2365 ad
1486 2332 1656 2375 praefecti
1673 2333 1800 2375 cogni-

215 2392 350 2423 tionem
375 2392 453 2422 tum
479 2390 724 2432 pervenlebat,
750 2399 835 2423 cum
860 2390 918 2423 ille
942 2392 1159 2423 conventum
1184 2390 1221 2422 in
1246 2398 1356 2422 nomo
1374 2389 1494 2432 aliquo
1512 2398 1620 2432 agens
1636 2389 1797 2422 rationes

216 2446 537 2479 administrationis
567 2447 797 2488 pecunIariae
827 2446 1066 2488 examinabat,
1099 2454 1192 2488 quae
1223 2454 1280 2478 res
1312 2448 1348 2478 et
1377 2446 1437 2479 hic
1466 2448 1503 2479 et
1532 2445 1617 2479 alibi
1647 2446 1794 2479 nomine

215 2501 434 2547 διαλογισμός
452 2503 669 2545 appellatur;
696 2503 739 2536 cf.
759 2504 921 2536 Wilcken
939 2504 996 2536 Gr.
1010 2503 1187 2536 OstrakaI
1204 2506 1313 2545 p.5oo
1333 2505 1406 2536 not.
1419 2506 1450 2546 l,
1471 2503 1534 2545 qui
1553 2504 1730 2545 provocat
1747 2502 1794 2536 ad

214 2559 464 2591 testimonium
483 2561 615 2601 papyri
633 2560 721 2591 Berl.
740 2569 791 2601 gr.
810 2560 889 2593 Urk.
906 2562 921 2592 I
945 2569 980 2602 p.
995 2562 1060 2592 228
1085 2569 1118 2592 n.
1139 2561 1214 2601 226,
1233 2562 1288 2592 24.
1306 2562 1348 2592 22
1375 2557 1453 2592 ὅταν
1479 2557 1498 2592 ὁ
1520 2557 1698 2605 κράτιστος
1712 2556 1797 2603 ἠγε-

216 2616 289 2660 μὼν
306 2613 489 2659 Πομπήϊος
507 2613 661 2652 Πλάντας
685 2616 743 2648 τὸν
767 2619 826 2649 τοῦ
850 2619 957 2661 νομοῦ
983 2615 1199 2661 διαλογισμὸν
1218 2619 1366 2661 ποιῆται.
1407 2616 1583 2648 vetantur
1598 2615 1796 2656 eclogistae

214 2673 298 2714 (not.
318 2673 371 2713 72)
397 2681 462 2714 per
486 2673 667 2705 eiusmodi
691 2674 919 2706 occasionem
944 2675 1076 2706 iterum
1101 2673 1348 2715 quaestionem
1374 2681 1522 2706 movere
1545 2672 1590 2704 de
1611 2672 1792 2714 vectigali·

215 2729 284 2762 bus
315 2738 407 2771 quae
443 2738 514 2761 non
546 2729 668 2761 deberi
700 2730 772 2762 iam
805 2732 908 2762 antea
950 2730 1120 2772 praefecti
1152 2731 1326 2763 sententia
1360 2729 1547 2762 definitum
1583 2729 1640 2761 sit.
1688 2728 1792 2767 Quod

215 2795 300 2819 cum
325 2786 518 2828 interdicit,
550 2786 710 2828 regulam
742 2787 942 2827 generalem
974 2787 1114 2828 legibus
1146 2786 1342 2819 stabilitam
1366 2787 1452 2819 huic
1475 2785 1706 2827 potissimum
1730 2793 1792 2818 ne-

215 2844 315 2885 gotio
341 2843 605 2885 accommodat,
631 2851 760 2884 nempe
785 2852 969 2884 nunquam
995 2843 1051 2876 bis
1076 2843 1120 2876 de
1143 2843 1269 2876 eadem
1293 2851 1332 2875 re
1357 2842 1589 2876 iudicandum
1614 2851 1705 2875 esse.
1741 2841 1794 2877 Cf.

215 2900 352 2932 litteras
381 2900 426 2932 ad
451 2900 665 2932 Turranium
690 2899 912 2942 praefectum
946 2899 1047 2933 datas
1071 2909 1127 2942 ap.
1153 2900 1303 2942 Kenyon
1327 2899 1442 2950 Cata13
1462 2898 1501 2932 of
1523 2899 1635 2932 Greek
1659 2898 1794 2942 papyri
