1858 3126
37 128 117 172 7⁸⁷1
488 126 641 160 Avidius
663 125 863 159 Antiochus
887 126 1163 168 Commagenus.
1530 125 1615 166 523

34 267 73 300 in
95 266 204 309 reglis
228 265 376 299 orientis
401 263 559 306 familiis,
588 263 659 296 hos
681 263 847 296 homines
877 271 899 295 a
927 263 1042 304 stirpe
1075 271 1202 304 regum
1227 262 1486 304 Commagenes
1509 263 1617 304 origi·

35 331 119 358 nem
142 322 356 366 repetivisse
379 321 549 355 indicant.
585 320 662 353 Hoc
685 318 800 362 probe
816 319 1003 361 perspexit
1019 319 1213 361 Lehmann,
1238 320 1401 362 itemque
1424 318 1523 361 quod
1546 319 1617 352 An-

35 378 148 413 tiochi
170 380 288 413 mater
309 377 458 421 quidem
482 385 615 411 nomen
638 377 675 409 in
699 375 759 409 illa
782 374 918 409 familia
941 375 1117 408 usitatum
1147 377 1259 419 gerat,
1292 377 1396 419 pater
1425 384 1512 409 vero
1545 385 1617 408 nen

35 437 135 479 item,
167 433 341 479 quodque
364 432 570 480 φιλομήτωρ
594 433 755 476 priorem
778 433 873 466 inter
902 432 962 465 illa
986 433 1146 475 epitheta
1174 433 1297 466 locum
1321 434 1452 475 teneat,
1484 432 1617 466 indicio

34 502 116 528 esee
137 492 240 536 vidit,
263 493 466 526 maternam
490 491 724 534 potissimum
748 490 899 532 stirpem
925 489 971 523 ad
995 489 1075 522 illos
1100 497 1202 531 reges
1227 489 1356 523 redire.
1404 489 1509 529 Quod
1530 499 1617 523 vero

34 559 102 594 per
123 541 251 584 turbas
274 549 394 582 Avidii
417 549 532 582 Cassii
561 547 759 582 deiectione
791 547 967 580 excitatas
996 546 1063 579 hos
1087 546 1254 580 homines
1278 547 1315 579 in
1347 555 1451 589 spem
1474 547 1617 580 venisse

34 607 191 641 coniecit
221 606 321 649 regni
346 606 604 647 Commagenes
628 603 853 646 restituendi,
884 604 961 636 sine
995 603 1124 636 idonea
1158 612 1268 636 causa
1300 603 1418 637 faeere
1450 604 1539 637 mihi
1565 605 1617 636 vi-

34 664 151 698 detur.
190 662 282 697 Nam
305 663 406 705 regni
429 661 586 696 affectati
609 662 647 694 in
669 661 739 694 hoc
755 660 862 694 titulo
878 660 1018 693 nullum
1042 660 1227 703 repperire
1243 668 1394 702 possum
1411 661 1617 703 vestigium.

37 724 56 753 3
90 722 150 756 ΚΘ
175 721 268 763 lapis
290 721 328 754 et
350 720 410 753 hic
433 721 470 753 et
492 722 572 761 ms,
597 727 691 761 quae
714 718 975 762 orthographia
999 718 1086 750 item
1112 718 1268 750 aetatem
1292 717 1405 750 altero
1431 726 1464 760 p.
1482 717 1564 750 Chr.
1583 727 1615 750 n.

34 777 180 812 saeculo
204 786 277 811 non
299 777 541 820 antiquiorem
566 775 711 809 indicat.

121 968 204 1013 767
246 973 292 1012 In
307 971 510 1012 Michaelis
524 971 765 1012 Fourmonti
781 969 941 1010 schedis
962 980 1066 1022 quae
1082 969 1338 1009 continentur
1351 968 1618 1009 bibliothecae

34 1041 248 1081 nationalis
276 1040 485 1080 Parisinae
525 1040 662 1080 codice
701 1036 982 1092 Supplement
1012 1034 1118 1077 Grec
1148 1049 1186 1076 n.
1211 1037 1307 1088 855,
1349 1037 1415 1077 fol.
1438 1037 1522 1077 298
1559 1038 1619 1076 in-

34 1109 254 1150 veniuntur
291 1108 532 1162 apographa
562 1108 735 1147 duorum
764 1107 975 1146 titulorum
1006 1106 1092 1145 sine
1128 1105 1294 1156 originis
1329 1108 1438 1144 uota.
1490 1105 1619 1144 Priori

36 1179 78 1229 (a
115 1189 155 1217 v.
186 1174 341 1229 4—22)
394 1176 629 1228 simpliciter
681 1175 1000 1227 praemittuntur
1044 1172 1243 1212 vocabula
1286 1166 1504 1225 ‘premiere
1550 1171 1619 1211 in-

35 1237 269 1298 maed,
305 1244 422 1284 alteri
452 1241 490 1295 (b
518 1256 558 1283 v.
586 1240 772 1294 23—34)
802 1235 900 1281 ‘2de
928 1238 1187 1293 inscription
1215 1251 1294 1292 que
1313 1237 1360 1291 je
1391 1238 1500 1280 crois
1535 1241 1619 1280 §tre

37 1310 82 1352 la
114 1309 225 1352 suite
258 1322 316 1352 ou
349 1310 385 1351 le
418 1311 773 1351 eommemement
814 1307 863 1348 de
905 1307 948 1348 la
962 1306 1202 1362 <premier-e,
1249 1306 1363 1348 mais
1406 1305 1619 1361 beaucoup

34 1377 272 1420 maltraitee
298 1377 486 1432 n'ayant
504 1390 685 1432 presque
712 1388 902 1418 aucunes
935 1375 1067 1429 liques
1094 1369 1341 1416 d’mtieres?
1390 1371 1462 1416 Ex'
1482 1377 1619 1416 codice

35 1448 266 1489 Berolinum
302 1447 544 1488 transmisso
583 1447 798 1498 exscripsit
827 1446 878 1484 Μ.
900 1444 1073 1484 Frankel
1111 1446 1152 1484 et
1187 1444 1313 1484 edidit
1343 1445 1615 1496 Sitzungsber.

36 1517 110 1556 der
138 1517 227 1568 Kgl.
248 1515 469 1556 Akademie
500 1516 573 1555 der
601 1514 951 1554 Wissenschasten
971 1525 1023 1553 zu
1042 1513 1177 1553 Berlin
1200 1512 1308 1552 ⁴903
1332 1513 1349 1551 Ι
1378 1525 1417 1552 n.
1439 1514 1476 1553 V
1503 1526 1543 1566 p.
1563 1514 1615 1552 83

36 1583 144 1636 (inde
173 1585 313 1625 Revue
341 1583 651 1636 archeologique
681 1583 911 1629 Quatrieme
937 1583 1039 1623 serie
1059 1582 1095 1620 ΙΙ
1128 1581 1236 1620 4903
1267 1594 1308 1634 p.
1334 1581 1415 1621 466
1447 1594 1486 1620 n.
1506 1580 1616 1634 367).

94 1709 122 1738 a
150 1719 367 1727 ---------
398 1711 449 1738 αυ
486 1697 579 1728 ---¹
585 1718 755 1727 -------
763 1693 770 1750 Ι
778 1691 851 1736 τὰν
883 1694 1183 1749 ἐ]“ιῑ(ιμ,ι-Ελ)ειαν2
1205 1693 1367 1747 ταύ[ταν
1387 1692 1457 1735 καὶ
1479 1693 1617 1748 ἀῖξία]ν

151 1763 236 1819 κα[ὶ
263 1764 355 1818 τ]ῶν
384 1763 689 1820 προ(γ)όν(ω)[ν·”
716 1761 786 1804 καὶ
805 1765 902 1810 τᾶς4
923 1761 929 1816 1
950 1762 1155 1817 πα]τρίδος
1176 1759 1475 1816 ποιησάμεήος,
1499 1762 1619 1817 {spasi-

127 1901 343 1935 Litterarum
367 1901 513 1943 formas,
538 1908 630 1942 quas
653 1909 726 1933 non
751 1907 877 1932 omnes
902 1899 1007 1941 plane
1031 1900 1200 1931 accurate
1224 1899 1394 1939 exceptas
1417 1905 1498 1930 esse
1521 1899 1620 1931 coni-

35 1958 122 2001 cias,
145 1958 388 1992 Fourmontus
404 1957 551 1991 exhibet
574 1957 698 1990 hasce:
730 1957 890 1990 ΘΘΡΠΣ
906 1980 914 1988 .
948 1953 998 1998 ῥῶ
1022 1955 1238 1997 plerumque
1255 1955 1442 1996 vulgarem
1465 1954 1619 1987 formam

36 2014 158 2057 habet,
181 2014 247 2048 sed
260 2015 479 2057 aliquotiens
503 2015 526 2047 Ρ
549 2015 615 2047 oet.
650 2013 787 2046 Littera
813 2014 855 2057 φῖ
878 2011 936 2045 bis
952 2013 1130 2053 uocum-in
1156 2021 1190 2044 v.
1209 2015 1228 2044 6
1254 2013 1283 2044 ÷
1306 2013 1363 2044 est
1386 2010 1503 2044 forma
1522 2013 1618 2047 nota.

37 2071 102 2104 sed
133 2071 350 2114 plerumque
380 2072 419 2104 in
450 2071 566 2104 titulis
596 2070 712 2103 multo
742 2068 1013 2111 antiquioribus
1042 2069 1188 2110 usitata,
1221 2078 1255 2101 v.
1274 2070 1316 2102 ⁴5
1341 2069 1418 2101 init.
1442 2071 1618 2101 errore*

38 2127 173 2160 lectum
197 2129 263 2169 est,
286 2127 387 2169 quod
402 2137 437 2160 v.
454 2129 497 2160 48
515 2127 591 2160 init.
615 2126 773 2168 legitime
797 2126 966 2159 elementi
988 2124 1031 2170 ψῖ
1056 2126 1129 2158 vim
1153 2125 1273 2158 habet.
1390 2128 1405 2157 4
1437 2126 1620 2159 ΝΚΘΑΥΤ

38 2183 248 2225 Fourmont3
273 2185 413 2226 primae
435 2185 577 2217 litterae
601 2185 698 2216 recte
714 2184 918 2225 exscriptae
942 2191 1023 2215 esse
1039 2184 1235 2224 nequeunt,
1261 2182 1347 2223 quia
1372 2182 1465 2215 hanc
1489 2190 1617 2215 conso-

38 2249 168 2274 narum
185 2240 469 2273 cumulationem
485 2249 558 2274 non
573 2241 703 2273 tolerat
718 2248 839 2273 sermo
857 2240 1025 2272 Graecus.
1063 2240 1170 2281 Origo
1186 2239 1294 2280 tituli,
1319 2239 1388 2271 etsi
1410 2239 1620 2271 testimonio

39 2305 207 2330 caremus
236 2296 283 2337 (v.
306 2296 460 2337 lemma),
492 2298 614 2329 tamen
642 2297 749 2338 plane
778 2298 877 2329 certa
907 2298 972 2328 est.
1025 2295 1118 2329 Nam
1148 2295 1391 2336 tragmentum
1421 2293 1441 2327 b
1472 2295 1618 2336 quidem

38 2354 162 2396 ipsum
185 2352 312 2395 populi
336 2353 606 2394 Cyrenaeorum
630 2362 762 2386 nomen
785 2353 906 2394 habet,
930 2362 956 2385 α
978 2361 1066 2385 vero
1091 2361 1163 2385 non
1180 2351 1289 2384 modo
1315 2350 1486 2383 omnibus
1509 2351 1620 2384 rebus

0 2455 2 2457 Ι
31 2411 120 2443 eius
135 2410 360 2443 simillimum
377 2411 443 2450 est,
459 2410 502 2441 ut
516 2409 703 2442 manifesto
720 2412 819 2442 recte
830 2410 1072 2442 Fourmontus
1089 2409 1180 2441 haec
1195 2409 1304 2441 unius
1320 2408 1451 2450 lapidis
1466 2407 1619 2441 frustula

0 2463 4 2491 ἕ
40 2474 121 2500 esse
150 2466 357 2507 coniecerit,
393 2465 456 2498 sed
491 2466 600 2498 etiam
637 2474 703 2507 per
733 2474 773 2498 se
808 2467 1011 2499 certissima
1046 2466 1252 2508 Cyrenaeae
1284 2465 1432 2506 originis
1468 2466 1620 2506 vestigia

40 2522 160 2561 habet.
194 2522 244 2556 Cf.
260 2524 337 2555 not.
348 2525 379 2554 7.
395 2524 446 2554 43.
476 2521 557 2554 Non
571 2522 693 2555 minus
707 2523 847 2554 certum
861 2524 1008 2564 tempus
1020 2522 1184 2564 (Augusti
1199 2522 1415 2564 principatu,
1428 2521 1471 2554 cf.
1490 2523 1564 2554 not.
1576 2522 1619 2562 ⁹1).

40 2578 94 2612 De
124 2579 277 2613 dialecto
307 2579 350 2612 cf.
375 2580 450 2612 not.
469 2581 500 2612 8.
526 2580 579 2610 Η.
605 2580 658 2611 ⁴6.
821 2581 841 2610 2
870 2579 1122 2613 ῐῐΤΑΙΑΕΙΑΝ
1155 2579 1366 2611 Fourmonti
1399 2578 1618 2619 exemplum.

44 2635 258 2669 Emendavit
272 2636 422 2669 Frankel
444 2635 612 2668 sollerter
635 2636 670 2666 et
694 2634 939 2677 probabiliter.
1058 2637 1076 2666 3
1110 2635 1490 2669 ΚΑΠΩΝΠΡΟΡΟΝΕ.
1530 2634 1621 2675 Sup-

45 2691 159 2734 plevit
187 2694 225 2726 et
251 2693 458 2726 emendavit
490 2691 649 2725 Frankel.
768 2693 786 2723 ⁴
819 2692 877 2724 Sic
907 2691 1067 2723 scribere
1096 2691 1208 2723 malui
1238 2699 1350 2732 quam
1382 2691 1443 2726 τᾶς
1467 2699 1503 2721 τε
1535 2698 1619 2722 cum

6 2739 8 2745 ’
44 2747 239 2791 Ρτὸιικθιίο,
268 2750 332 2791 qui
354 2749 499 2792 qualem
523 2748 739 2782 iudicaverit
762 2748 938 2780 enuntiati
962 2749 1183 2780 structuram
1207 2756 1279 2780 non
1304 2754 1488 2787 assequor.
1528 2745 1620 2779 Nam

45 2804 165 2846 primo
192 2804 260 2846 ml,
295 2806 394 2848 quod
421 2807 499 2848 ipse
522 2806 576 2838 Fr.
603 2805 671 2838 sub
700 2804 808 2837 finem
835 2812 965 2837 versus
992 2803 1140 2836 alterius
1168 2803 1363 2845 supplevit,
1400 2802 1620 2836 adiectivum

47 2858 142 2900 ἀξίαν
167 2860 371 2903 adiungitur
395 2863 455 2895 alii
479 2863 640 2905 epitheto
666 2861 711 2895 ad
741 2861 839 2895 idem
862 2869 997 2893 nomen
1021 2858 1215 2903 ἐπιμέλειαν
1241 2859 1364 2900 relato,
1395 2858 1492 2900 quod
1517 2861 1622 2892 antea
