1858 3126
58 135 139 178 ⁴³6]
406 156 413 162 -
445 133 608 167 Honores
631 132 786 175 Augusti
810 141 831 166 a
854 131 1079 174 Mytilenaeis
1103 131 1250 164 decreti.
1585 131 1639 171 47

171 270 244 314 καὶ
265 272 355 318 ταῖς
381 271 538 327 ἱερὴαις
562 267 852 326 τῆςἙᾴτίῊας
865 270 901 298 ¹⁵
921 265 1157 324 καὶἸουλίᾳ
1169 269 1203 296 ¹⁶
1226 272 1278 323 τῇ
1303 266 1462 323 γυναικὶ
1488 266 1611 309 αότοΰ
1635 267 1641 321 Ι

171 337 240 382 καὶ
262 335 430 395 Ὀιταῖᾳ
442 340 477 368 ¹⁷
505 343 556 395 τῇ
587 338 745 394 ἀδελφῇ
775 336 845 380 καὶ
873 338 959 384 τοῖς
981 337 987 393 1
1009 338 1162 384 τέκνοις
1174 338 1209 366 ¹⁸
1236 335 1307 378 καὶ
1338 335 1546 393 συγγενέσι
1574 335 1644 377 καὶ

101 419 148 452 60
172 408 331 466 ‹yffi-ou:-
360 408 599 464 πεμφθῆναι
623 405 669 449 δὲ
689 405 758 449 καὶ
786 406 995 462 στέφαΙνον
1017 404 1096 447 ἀπὸ
1126 408 1288 462 χρυσῶν
1317 404 1537 462 δισχιλίων,
1569 404 1612 446 ὃν
1637 406 1642 458 2

170 476 242 520 καὶ
270 476 524 532 ἀναδοθῆναι
554 475 629 518 ὑπὸ
655 478 733 518 τῶν
759 474 991 532 πρέσΙβεων.
1027 474 1320 531 εὖχαριστῆσαι
1351 472 1396 516 δὲ
1425 469 1483 515 ἐπ’
1509 473 1643 528 αὖξτοΰ

102 555 149 591 ⁶⁸
173 544 243 589 καὶ
279 550 331 601 τῇ
369 546 580 602 συγκλήτῳ
615 543 708 592 τοὺς
747 544 947 600 πρέ-σέβεις
984 543 1354 600 mammam
1393 542 1518 598 αὐτῆς
1556 542 1560 596 i
1594 546 1643 598 τῇ

172 615 290 657 πόλει
319 613 635 670 manaem-ea
664 610 731 655 καὶ
762 612 769 669 Ι
801 616 873 669 τῆς
901 611 1067 668 πατρίου
1096 612 1367 669 χρηστότητος
1379 613 1414 640 ¹⁹
1440 613 1445 667 ἰ
1471 610 1642 658 οἰκείως.

151 778 194 808 45
224 774 298 808 Cur
329 776 466 818 gratiae
496 777 650 817 agantur
678 775 789 808 etiam
820 773 1023 816 virginibus
1048 772 1266 814 Vestalibus,
1299 773 1477 815 sagaciter
1498 771 1646 815 expedi·

57 833 113 865 vit
134 831 336 866 Cieliorius.
382 832 491 876 Apud
521 832 717 874 Romanos,
749 840 791 865 ac
819 832 1057 874 potissimum
1089 830 1238 874 quidem
1276 830 1475 873 postremis
1509 829 1645 862 liberae

57 889 281 933 reipublicae
304 889 536 933 temporibus
560 891 596 922 et
620 890 827 932 principatu
850 889 1016 932 Augusti,
1047 897 1188 921 morem
1212 887 1324 921 fuisse
1354 887 1451 931 apud
1481 887 1561 920 illes
1585 887 1645 919 de·

57 947 146 989 poni
178 948 407 989 testamta,
438 946 584 980 foedera
619 946 782 990 aliasque
816 946 966 980 maximi
997 947 1171 979 momenti
1206 945 1345 978 litteras
1374 944 1541 988 publicas
1573 945 1646 987 pri-

57 1005 235 1047 vatasque
257 1004 422 1047 (Appisn.
438 1004 514 1038 Civ.
531 1004 573 1046 V,
591 1006 646 1037 73.
684 1003 831 1038 Cassius
847 1004 915 1037 Dio
931 1003 1083 1045 XLVIII,
1101 1005 1156 1045 ⁸7,
1173 1006 1206 1036 4.
1245 1002 1426 1036 Plutarch.
1442 1003 1572 1035 Anton.
1591 1004 1644 1034 58.

56 1061 203 1095 sueton.
219 1060 320 1095 Caes.
338 1063 394 1095 ⁸2.
433 1061 515 1095 Tac.
531 1061 621 1094 Ann.
638 1061 663 1103 1,
681 1062 725 1102 8).
767 1061 843 1095 Iam
867 1061 1040 1104 proximo
1064 1062 1147 1094 ante
1170 1061 1243 1094 hoc
1261 1060 1449 1094 decretum
1480 1062 1646 1102 tempore

56 1119 209 1152 unam
230 1118 443 1152 consultum
473 1118 610 1152 factum
634 1118 763 1161 videri,
793 1127 868 1161 quo
900 1119 1091 1160 antiquum
1123 1117 1251 1151 foedus
1280 1118 1376 1151 inter
1399 1117 1582 1150 Romanos
1610 1119 1646 1148 et

57 1175 293 1218 uyfflenaeos
317 1177 593 1210 instauraretur.
634 1176 727 1209 Illud
751 1179 900 1209 senatus
924 1175 1132 1208 consultum
1148 1175 1335 1217 Augustus
1359 1174 1646 1208 communicavit

57 1240 144 1266 cnm
167 1233 315 1267 civitate
337 1233 471 1266 additis
494 1234 625 1266 litteris
649 1234 788 1275 gratiae
811 1232 1117 1274 benignitatisque
1141 1232 1268 1274 plenis,
1300 1232 1346 1264 ad
1370 1240 1462 1274 quas
1492 1231 1563 1264 boc
1585 1231 1647 1264 de-

56 1290 159 1323 emto
181 1290 436 1333 respondetur.
485 1290 773 1323 Consentaneum
807 1290 918 1332 igitur
939 1292 997 1322 aet
1019 1291 1056 1322 et
1079 1289 1235 1331 Caesari,
1265 1290 1371 1322 cuius
1399 1291 1493 1322 nutu
1523 1289 1646 1321 omnia

57 1348 140 1379 acta
162 1347 245 1388 sint,
274 1348 311 1380 et
334 1347 487 1389 senatui,
520 1348 585 1389 qui
613 1346 659 1380 de
694 1346 904 1380 renovando
936 1346 1082 1380 toedeoe
1112 1346 1327 1387 decreverit,
1362 1348 1399 1379 et
1427 1345 1646 1386 Vestalibus,

58 1411 155 1445 quae
165 1403 237 1436 boe
246 1406 397 1437 senatus
408 1403 618 1437 consultum
635 1403 929 1437 conservandum
943 1404 1164 1446 acceperint,
1182 1404 1317 1446 gratias
1333 1404 1401 1445 agi.
1495 1405 1538 1435 ⁴8
1563 1403 1647 1436 Post

58 1460 213 1502 Augusti
235 1460 379 1494 obitum
403 1460 552 1494 demum
576 1461 656 1494 eius
678 1469 836 1494 uxorem
857 1460 1055 1503 adoptione
1078 1461 1115 1494 in
1139 1463 1283 1503 gentem
1306 1460 1435 1494 Iuliam
1458 1460 1647 1493 transiisse

58 1517 98 1550 in
121 1517 252 1560 volgus
273 1518 403 1552 notum
427 1520 493 1552 est.
534 1518 653 1557 Quare
676 1520 741 1551 aut
763 1526 849 1551 cum
867 1518 1094 1551 Hommseno
1121 1518 1229 1561 (apud
1253 1518 1474 1558 cichorium)
1500 1525 1646 1551 sumen·

58 1573 148 1608 dum
169 1576 238 1617 est,
266 1575 361 1608 banc
381 1574 544 1608 tabulam
570 1576 805 1618 superstitem
837 1575 1023 1617 aliquanto
1048 1577 1133 1618 post
1162 1584 1272 1618 quam
1304 1576 1427 1618 ipsum
1457 1574 1645 1608 decretum

57 1630 197 1665 netum
230 1635 328 1666 esset
358 1632 570 1674 confectam,
606 1635 680 1675 aut,
717 1632 820 1675 quod
851 1633 940 1666 mibi
973 1632 1090 1666 multo
1126 1634 1243 1675 magis
1277 1632 1407 1676 placet,
1444 1641 1529 1666 cum
1565 1633 1646 1674 ipso

58 1688 226 1722 Cieborio
243 1697 358 1723 rerror
386 1690 475 1723 satis
504 1689 595 1722 levis
618 1689 842 1732 quadratarii
868 1690 1030 1730 (ΙΟΥΛΙΑ
1054 1699 1122 1732 pro
1147 1690 1310 1730 ΛΙΟΥΙΑ)
1341 1689 1494 1723 subesse
1524 1690 1647 1722 existi-

59 1745 215 1779 mandus
247 1748 314 1780 eet.
454 1750 497 1780 47
535 1747 588 1780 De
623 1747 804 1790 scriptura
839 1747 1001 1780 nominis
1036 1747 1080 1780 cf.
1115 1756 1148 1779 n.
1172 1745 1273 1779 ⁴372.
1329 1747 1479 1780 Octavia
1514 1747 1647 1787 minor,

59 1802 98 1835 C.
114 1802 255 1836 octavii
277 1805 315 1836 et
329 1804 431 1837 Atiae
454 1803 538 1846 filia,
562 1804 718 1846 Augusti
741 1813 847 1838 soror
863 1805 1016 1845 uterina,
1042 1812 1135 1846 quae
1151 1804 1188 1837 C.
1206 1804 1363 1837 Marcelli
1386 1806 1423 1837 et
1438 1804 1483 1837 Μ.
1500 1805 1647 1837 Antonii

59 1868 155 1893 uxor
181 1859 310 1903 fuerat,
341 1860 499 1895 decessit
521 1870 615 1894 anno
649 1864 687 1893 44
716 1871 748 1895 a.
765 1861 847 1894 Chr.
865 1870 898 1894 n.
948 1861 997 1894 Cf.
1031 1861 1347 1904 Prosopograpbia
1377 1862 1465 1904 imp.
1490 1861 1592 1894 Rom.
1617 1862 1647 1894 11

58 1925 97 1959 p,
114 1919 179 1949 430
204 1926 239 1950 n.
256 1919 311 1950 ts.
422 1922 464 1951 48
496 1919 641 1952 Praeter
651 1918 779 1952 Iuliam
796 1918 908 1952 filiam
924 1921 1005 1951 tum
1021 1919 1201 1961 temporis
1218 1919 1338 1952 nullos
1354 1918 1467 1952 fuisse
1482 1918 1647 1961 Augusto

59 1982 180 2016 neque
202 1976 330 2008 natura
355 1984 475 2018 neque
497 1976 692 2019 adoptione
714 1976 853 2009 liberos
878 1977 1043 2009 omnium
1064 1977 1311 2010 certissimum
1337 1978 1403 2009 est.
1442 1975 1561 2015 Quare
1585 1985 1647 2009 ve·

59 2031 206 2064 tissime
229 2032 360 2074 plurali
382 2031 514 2071 τέκνοις
538 2042 712 2075 generum
737 2033 782 2067 Π.
798 2034 1009 2067 Marcellum
1034 2034 1211 2067 contineri
1236 2035 1421 2068 existimat
1440 2034 1648 2074 Cicborius;

14 2117 19 2119 .
58 2089 310 2122 testimonium
334 2098 422 2123 sane
452 2090 563 2123 buius
586 2090 866 2124 consuetudinis
889 2091 991 2134 quod
1014 2091 1144 2124 afferre
1167 2100 1278 2134 posse
1302 2091 1374 2124 sibi
1397 2092 1499 2124 visus
1523 2094 1580 2124 est
1603 2100 1648 2124 ex

59 2145 131 2179 alio
153 2146 260 2180 titulo
277 2147 493 2189 Mytilenaeo
516 2148 657 2181 nullum
682 2150 751 2190 est,
775 2149 862 2191 quia
885 2149 960 2182 illic
984 2150 1106 2190 (Inscr.
1125 2150 1184 2183 Gr.
1201 2150 1268 2182 ins.
1286 2158 1377 2182 mar.
1394 2149 1478 2191 Aeg.
1495 2150 1526 2182 11
1550 2158 1585 2192 p.
1604 2152 1646 2182 59

60 2211 96 2235 ιι.
113 2205 152 2234 24
160 2205 192 2246 3,
208 2204 242 2245 2)
271 2213 346 2237 non
377 2204 528 2249 παΙτέρα]
558 2205 623 2238 sed
652 2205 783 2247 παῦδα]
816 2206 1064 2248 supplendum
1094 2208 1160 2248 est,
1192 2209 1235 2239 ut
1263 2209 1541 2240 monumentum
1573 2215 1647 2239 non

61 2258 170 2293 Drusi
196 2261 346 2294 maioris
375 2262 434 2304 sit,
470 2262 535 2295 sed
558 2262 622 2295 mii
646 2263 797 2296 secundi
828 2263 992 2297 Caesaris
1016 2264 1221 2297 Germanici
1251 2266 1289 2297 et
1311 2265 1531 2306 Agrippinae
1560 2266 1647 2296 natu

61 2317 222 2350 maioris.
268 2319 315 2351 At
336 2320 425 2361 quin
449 2328 516 2362 per
538 2321 721 2354 sermonis
744 2321 841 2363 legoe
870 2321 979 2354 liceat
1001 2321 1113 2354 filiam
1137 2324 1173 2354 et
1205 2330 1379 2363 generum
1404 2330 1477 2355 uno
1502 2322 1647 2354 nomine

60 2373 164 2408 τέκνα
186 2375 362 2417 appellari
385 2376 498 2410 nihilo
523 2378 639 2419 magis
663 2377 905 2412 dubitandum
930 2380 995 2411 est.
1044 2378 1149 2417 Quod
1172 2387 1257 2412 cum
1282 2380 1334 2412 ita
1358 2380 1415 2421 sit,
1444 2387 1517 2412 non
1540 2379 1647 2411 video

61 2439 137 2473 quo
159 2431 243 2464 iure
264 2434 451 2474 praeterea
475 2434 586 2466 etiam
616 2435 807 2477 privignos
830 2435 1015 2468 Tiberium
1041 2436 1276 2478 Drusumque
1307 2437 1375 2469 bac
1408 2436 1647 2479 appellatione

62 2489 239 2522 contineri
263 2491 434 2531 opinetur
449 2491 650 2524 Cicborius.
689 2492 781 2525 Nam
806 2493 906 2535 quod
929 2493 966 2526 id
990 2494 1188 2526 verisimile
1211 2494 1299 2526 dicit
1323 2495 1537 2536 praesertim
1563 2502 1647 2526 cum

7 2574 10 2576 .
63 2546 174 2578 etiam
197 2554 326 2579 eorum
351 2550 469 2580 mater
491 2548 592 2581 Livia
616 2550 830 2582 nominatim
855 2550 1069 2592 appelletur,
1093 2551 1167 2584 falli
1197 2551 1286 2583 mibi
1309 2551 1465 2584 videtur.
1506 2551 1647 2583 Etenim

63 2610 302 2644 permagnum
331 2604 402 2637 boc
434 2605 579 2638 nomine
610 2605 807 2638 discrimen
836 2607 1059 2640 intercedere
1087 2609 1183 2641 inter
1218 2617 1371 2641 uxorem
1402 2608 1577 2650 principis
1613 2610 1647 2639 et

15 2707 17 2709 ι
64 2659 255 2701 privignos
277 2664 408 2702 sponte
431 2664 541 2704 patet.
653 2666 695 2695 49
729 2663 819 2696 Hinc
835 2664 1025 2697 Cichorius
1048 2665 1197 2707 colligit,
1221 2666 1294 2698 iam
1311 2667 1394 2698 ante
1411 2665 1540 2697 foedus
1565 2672 1648 2705 pro-

64 2716 164 2749 ximo
187 2719 353 2767 tempore
376 2719 620 2752 instauratum
637 2721 872 2762 mytilenaeos
895 2722 995 2754 illam
1014 2723 1188 2755 vittutem
1205 2724 1353 2755 senatus
1369 2723 1541 2764 expertos
1558 2728 1647 2752 esse.

6 2808 9 2809 ⁷
64 2772 152 2806 Rem
177 2774 231 2806 sic
254 2783 293 2807 se
317 2775 488 2809 habuisse
511 2785 599 2810 sane
623 2787 667 2810 ne
698 2778 787 2810 mihi
810 2778 959 2820 quidem
989 2779 1231 2821 improbabile
1254 2779 1411 2819 videtur,
1441 2777 1506 2810 sed
1535 2776 1649 2808 verba

65 2829 163 2862 tituli
186 2830 224 2864 id
248 2832 459 2874 neutiquam
483 2834 651 2876 probant.
698 2834 832 2874 Quidni
855 2836 953 2868 enim
977 2836 1023 2868 ad
1047 2836 1180 2869 famam
1208 2836 1408 2868 honestatis
1432 2836 1469 2866 et
1492 2833 1649 2866 clemen·

66 2885 138 2918 tiae
161 2890 308 2921 senatus
330 2889 480 2923 Romani
514 2900 579 2934 per
610 2900 738 2925 omnes
768 2894 892 2934 gentes
916 2895 1153 2935 propagatam
1178 2901 1288 2933 quam
1319 2891 1363 2923 ad
1394 2899 1436 2923 ea
1460 2898 1554 2932 quae
1578 2890 1648 2932 ipsi
