1858 3126
545 151 632 183 VIII.
669 151 738 183 Res
761 151 799 183 et
820 148 933 182 verba
957 148 1186 182 notabili0ra.

120 287 382 336 γεγραμμένος)·
417 287 486 322 άπὸ
517 291 580 333 τῆς
604 285 832 332 προκειμένης

121 347 244 392 κώμης
267 345 347 390 210,
377 352 407 380 7.
467 343 546 382 τοὺς
585 342 832 389 προκειμένους

0 429 16 438 -.
122 401 224 441 θεούς
247 401 325 446 663,
345 409 363 437 2

0 461 27 492 4
75 459 253 506 προκοπή·
300 457 371 494 Ζεῦ
411 456 608 504 Σαφαθηνέ,
653 457 831 503 προκοπὴν

6 540 12 546 ³
122 513 294 565 Ἀρχελάῳ
314 511 462 550 Ἰουλίου
486 515 565 558 627,
583 520 602 548 2

7 606 17 613 ,
75 571 324 619 προλαμβάνω·
363 572 423 607 καὶ
464 571 482 606 ὁ
523 571 634 617 δῆμος
673 569 832 616 φαίνηται

11 633 14 634 ’
120 629 221 678 χάριν
243 628 427 668 ἀποδιδοὺς
451 630 498 664 ὧν
519 626 726 674 προείληφεν
749 625 831 673 ἀγα-

7 692 10 693 ’
123 685 196 721 θῶν
221 687 254 731 6,
273 692 314 721 20

74 742 232 790 προλέγω
260 743 339 788 665,
364 750 416 778 se.
463 740 482 776 6
513 741 551 776 δὲ
580 740 731 788 φάμενος
759 739 831 774 ἀδι-

12 808 25 814 ··
119 797 259 835 κεῖσθαι
282 797 394 846 δῆμος
424 796 620 845 προλεγέτω
652 796 708 832 διὰ
731 808 832 843 πρεε-

121 854 214 901 βείας
257 856 309 903 τῷ
354 854 597 902 ἐγκαλουμένῳ
645 853 746 899 δήμῳ
792 855 831 887 τὸ

6 943 12 949 1
121 911 280 959 ἔγκλημα
302 913 382 956 437,
402 919 443 947 76

5 973 14 985 ²
75 969 284 1015 προμαντεία
321 969 377 1013 66,
403 976 433 1004 a.
476 970 552 1012 150,
579 975 629 1002 14.
671 967 749 1010 213,
777 975 831 1001 41.

8 1029 14 1065 ῖ;
122 1027 200 1070 241,
221 1033 272 1061 19.
298 1026 378 1070 305,
396 1034 413 1060 5

75 1082 222 1128 πρόναον
245 1083 325 1127 661,
345 1089 375 1118 3.
401 1083 478 1125 702,
499 1090 516 1116 5

7 1164 15 1179 ,5
75 1139 247 1185 προνοέω·
274 1137 332 1174 ἵνα
356 1158 401 1165 -
423 1138 598 1186 προνοήσῃ
627 1142 760 1185 γραφῆς
784 1137 832 1175 εἰς

14 1204 16 1206 ’
120 1196 178 1231 τὸν
197 1200 260 1242 τῆς
275 1194 414 1234 ἀσυλίας
435 1194 541 1230 τόπον
566 1195 644 1239 736,
665 1202 717 1229 18.
757 1190 828 1228 ἀνθ’

122 1254 170 1288 ὧν
197 1257 266 1287 τῶν
298 1251 474 1298 δημοσίων
505 1251 610 1299 ἔργων
642 1250 730 1296 μετὰ
760 1249 832 1284 ἐπι-

122 1307 261 1355 μελείας
296 1309 529 1355 προενοήσατο
567 1308 647 1352 495,
670 1314 724 1342 2ο.
780 1306 833 1340 δε-

121 1364 236 1412 όμεθα
259 1364 319 1401 οὖν
343 1369 530 1412 προνοῆσαι
558 1363 648 1410 ὑμᾶς
675 1367 735 1398 τοῦ
760 1363 832 1398 δια-

122 1421 234 1468 μένειν
258 1421 312 1457 ἀεὶ
334 1423 397 1469 τὴν
422 1421 588 1457 στατίωνα
613 1422 690 1464 595,
711 1427 750 1455 12

76 1478 286 1526 προνοητης·
310 1477 541 1526 ἀπελεύθερος
556 1478 659 1513 αὐτοῦ
675 1478 734 1512 καὶ
750 1489 833 1522 προ-

121 1537 250 1583 vom-h<
273 1536 408 1571 πάντων
433 1536 512 1580 660,
532 1543 549 1570 8

8 1585 22 1623 ss
76 1592 232 1639 πρόνοια·
281 1592 424 1638 προνοίᾳ
465 1589 610 1627 Ἰουνίου
654 1589 831 1637 Ὀλύμπου

12 1642 29 1696 ²!-
122 1650 201 1694 615,
219 1657 252 1684 4.
298 1648 439 1697 προνοίᾳ
462 1647 583 1693 Αὖμου
613 1649 672 1683 καὶ
695 1645 834 1693 Ἀμελά-

8 1697 24 1714 '⁸
63 1720 69 1724 ·
121 1705 186 1742 θου
225 1710 295 1741 τῶν
336 1705 455 1751 ἱερέων
495 1706 573 1748 619,
605 1712 634 1739 7.
691 1703 834 1750 προνοίᾳ

122 1761 262 1798 Παύλου
279 1761 508 1808 πρεσβυτέρου
529 1762 608 1805 608,
623 1769 654 1796 3.
693 1761 834 1808 προνοίᾳ

123 1817 301 1854 Στατιλίου
317 1815 503 1864 Ἀμμιανοῦ
527 1819 606 1861 614,
621 1826 652 1853 3.
690 1820 732 1866 τῇ
751 1829 832 1864 προ-

119 1875 197 1922 νοίᾳ
206 1878 267 1911 τοῦ
281 1874 437 1922 μεγίστου
452 1874 701 1920 αὐτοκράτορος
714 1875 791 1917 502,
802 1883 831 1909 3.

123 1931 163 1968 οὗ
189 1934 259 1976 (τοῦ
283 1931 541 1977 αὐτοκράτορος)
567 1931 643 1977 περὶ
665 1935 727 1977 τῆς
749 1931 833 1965 πάν-

121 2001 190 2024 των
212 1987 315 2034 ἡμῶν
333 1987 501 2034 σωτηρίας
522 1989 546 2032 ὴ
564 1987 723 2033 διηνεκὴς
740 1987 833 2033 εὐερ-

121 2045 218 2094 γεσία
240 2045 299 2080 καὶ
321 2044 463 2091 πρόνοιά
487 2044 577 2079 ἐστιν
602 2045 680 2088 669,
700 2051 752 2078 65.
794 2044 834 2078 ἐκ

122 2100 282 2147 προνοίας
306 2098 502 2147 Κορνηλίου
526 2100 654 2146 Πάλμα
677 2101 756 2144 618,
781 2108 831 2135 12.

123 2159 181 2193 διὰ
217 2162 280 2203 τῆς
318 2158 476 2205 προνοίας
521 2162 582 2192 τοῦ
621 2157 832 2203 ἐπιμελητοῦ

123 2216 202 2258 428,
229 2222 260 2249 7.
312 2214 453 2261 προνοίᾳ
490 2215 661 2260 δαιμόνων
698 2216 776 2258 404,
802 2223 831 2250 8.
866 2205 869 2223 ¹

122 2271 147 2318 ἡ
177 2271 288 2306 πάντα
317 2270 501 2311 διατάξασα
530 2274 591 2305 τοῦ
625 2270 698 2316 βίου
730 2270 831 2316 ἡμῶν

1572 148 1657 190 699

950 285 1027 328 335,
1047 292 1100 319 87.
1127 286 1203 328 760,
1225 291 1276 319 1ο.
1316 284 1476 330 πρόξενος
1500 289 1568 318 τῶν
1592 283 1658 318 ἀπὸ

948 346 1010 387 τῆς
1035 341 1240 387 οἰκουμένης
1267 341 1457 387 ἱερονεικῶν
1481 341 1617 385 494,11

903 398 1087 445 προπάτωρ
1111 399 1191 442 446,
1210 405 1227 432 3

902 455 1112 502 προπέμπω·
1149 454 1398 501 προπέμψαντα
1420 454 1463 489 τὰ
1495 453 1658 500 παροδεύ-

950 524 1030 547 οντα
1053 511 1307 557 (στρατεύματα)
1334 512 1411 554 544,
1432 518 1470 546 31

902 568 1098 614 προπίπτω·
1136 569 1175 602 τὸ
1207 571 1390 615 προπεσεῖν
1419 567 1500 603 ἄνευ
1529 564 1658 603 ’κείνων

948 622 1152 671 (Ῥωμαίων)
1194 624 1300 672 μέγαν
1349 624 1460 659 ἐδόκει
1503 624 1658 659 κίνδυνον

949 682 1040 730 ἔχειν
1066 683 1144 725 315,
1164 689 1204 716 56

903 738 1148 786 προπολεμέω·
1183 737 1411 784 προπολεμῶν
1439 738 1523 784 πρὸς
1546 737 1659 772 πολλὰ

948 795 1033 841 ἔθνη
1056 795 1115 829 καὶ
1136 795 1216 834 τοὺς
1241 794 1276 830 ἐν
1301 795 1417 833 αὐτοῖς
1443 793 1659 830 δυναστεύον-

947 865 1008 891 τας
1033 853 1088 896 56,
1110 858 1149 886 12

902 907 1112 955 προπύλαιον
1138 909 1215 953 625,
1231 916 1260 942 6.
1288 909 1366 951 710,
1382 915 1411 942 3.
1452 908 1487 942 ἐν
1511 908 1562 953 τῷ
1578 919 1659 953 προ-

948 964 1081 1011 πυλαίῳ
1105 968 1166 999 τοῦ
1189 965 1350 1011 τεμένους
1375 965 1452 1008 352,
1472 971 1512 999 25

902 1021 1078 1068 πρόπυλον
1104 1022 1183 1066 659,
1203 1030 1231 1057 3.
1258 1023 1336 1066 734,
1359 1030 1376 1056 4

902 1077 1145 1125 προσαγγελία·
1191 1078 1376 1125 γενομένης
1416 1077 1659 1124 προσανγελίας

947 1136 990 1181 τῇ
1013 1134 1122 1181 βουλῆ
1155 1136 1232 1178 515,
1252 1141 1304 1170 20.
1359 1134 1445 1179 μετὰ
1474 1135 1513 1169 τὸ
1546 1134 1659 1169 ἐπιδο-

949 1191 1051 1237 θῆναι
1065 1192 1128 1238 τὴν
1145 1190 1388 1238 προσανγελίαν
1414 1192 1491 1234 515,
1511 1198 1564 1225 37.
1599 1190 1659 1229 τοὶς

950 1247 988 1282 δὲ
1010 1247 1167 1286 τοιαύτας
1183 1247 1426 1294 προσανγελίας
1443 1246 1660 1294 ἐπιδέχεσθαι

947 1305 1027 1349 5η,
1049 1312 1088 1340 36

903 1360 1165 1408 προσαγγέλλω·
1206 1361 1548 1408 προσαγγελλέτωσαν
1586 1364 1660 1398 τοῖς

949 1417 1150 1463 ἀστυνόμοις
1173 1419 1252 1462 483,
1267 1426 1320 1453 39.
1362 1416 1660 1464 προσαγγελλέτω-

950 1486 1009 1509 σαν
1033 1478 1106 1514 τοῖς
1129 1478 1329 1521 στρατηγοῖς
1352 1475 1432 1518 483,
1448 1481 1524 1508 164.
1563 1473 1660 1519 παρί-

950 1529 1092 1566 στασθαι
1100 1531 1206 1566 -τὸν
1216 1531 1505 1578 προσαγγείλαντα
1517 1530 1594 1574 669,
1605 1536 1657 1564 42.

950 1589 1024 1624 ἐπεὶ
1050 1588 1088 1622 δὲ
1111 1587 1359 1635 προσήγγελται
1381 1588 1443 1633 τὴν
1462 1586 1658 1634 βασίλισσαν

949 1643 1065 1680 Νῦσαν
1095 1664 1143 1670 -
1175 1643 1406 1689 συνῳκηκέναι
1440 1645 1491 1689 τῷ
1527 1642 1660 1688 βασιλεῖ

950 1700 1113 1748 Φαρνάκῃ
1140 1701 1217 1744 771,
1232 1708 1286 1735 27.
1320 1703 1658 1745 συνευαρεστῶντοῖς

949 1757 1256 1805 προσηγγελμένοις
1282 1758 1358 1800 730,
1378 1764 1394 1790 7

903 1813 1161 1862 προσαγορεύω·
1201 1814 1290 1852 ὅστις
1324 1832 1370 1838 -
1399 1811 1659 1859 προσαγορεύσει

949 1871 1008 1906 καὶ
1039 1870 1138 1905 αὐτὸν
1170 1870 1228 1904 καὶ
1258 1870 1321 1915 τὴν
1355 1868 1547 1914 βασίλισσαν
1573 1868 1657 1914 ὑπὲρ

947 1931 1008 1962 τοῦ
1033 1927 1145 1973 δήμου
1171 1928 1248 1970 771,
1270 1933 1309 1961 48

903 1985 1080 2032 προσάγω·
1104 1984 1205 2029 τὴνδε
1219 1983 1282 2029 τὴν
1302 1982 1444 2017 ἱκετείαν
1462 1981 1542 2028 ὑμῖν
1555 1994 1657 2028 προσ-

948 2041 1075 2088 άγομεν
1101 2041 1179 2084 519,
1199 2046 1239 2074 12

902 2097 1165 2144 προσαναφέρω·
1201 2100 1261 2131 τοῦ
1292 2096 1466 2142 διοικητοῦ
1493 2107 1659 2141 προσανε-

947 2154 1129 2201 νέγκαντος
1152 2152 1237 2199 ἡμῖν
1262 2154 1339 2194 761,
1358 2160 1376 2187 2

903 2210 1138 2257 προσγένημα·
1175 2210 1251 2257 περὶ
1272 2215 1340 2244 τῶν
1364 2209 1494 2247 τούτοις
1519 2220 1657 2254 προστε-

948 2267 1077 2303 θέντων
1102 2267 1388 2313 προσγενημάτων
1414 2267 1492 2309 669,
1511 2272 1552 2299 62

123 2329 267 2373 πρόνοια
289 2328 369 2370 458,
385 2333 438 2362 32.
477 2326 636 2373 πρόνοιαν
661 2327 832 2363 ποιεῖσθαι
903 2324 1160 2371 προσγίγνομαι·
1203 2323 1220 2357 ὁ
1257 2324 1487 2369 προσγεγονὼς
1525 2320 1658 2360 τούτοις

118 2384 397 2430 perfrequenter.
433 2383 592 2429 πρόνοιαν
617 2382 712 2428 ὑμῶν
731 2383 831 2431 ἔσχον

125 2442 203 2485 751,
222 2448 261 2476 11

77 2497 277 2545 προξενηταὶ
301 2496 468 2542 σωμάτων
493 2496 571 2539 524,
590 2502 608 2528 2

13 2544 45 2597 {⁵
77 2554 234 2601 προξενίαι
256 2555 312 2598 66,
332 2561 362 2588 3.
389 2554 465 2596 150,
488 2559 538 2588 14.
564 2552 641 2595 305,
658 2559 709 2586 16.
751 2564 832 2598 προ-

13 2611 50 2663 5
123 2611 233 2656 §evim
243 2610 336 2657 παρὰ
346 2613 406 2645 τοῦ
420 2608 586 2655 βασιλέως
598 2607 713 2653 λαβών
724 2609 802 2652 654,
812 2616 829 2642 8

13 2665 46 2698 ἑ
77 2668 238 2714 πρόξενος
260 2668 317 2712 45,
339 2675 390 2702 18.
416 2668 470 2710 80,
486 2673 516 2700 2.
542 2666 662 2708 81,15.
690 2665 831 2707 117,14.

16 2719 27 2771 'P
49 2722 52 2727 '
125 2725 202 2769 118,
222 2732 273 2760 16.
314 2725 392 2767 220,
412 2732 463 2758 14.
505 2723 583 2765 241,
606 2729 657 2756 18.
704 2721 782 2764 316,
801 2728 831 2755 6.

10 2791 22 2829 3
51 2769 53 2771 ’
125 2782 245 2825 341,4.
269 2782 416 2825 730,21.
442 2781 560 2823 760,⁷.
587 2778 709 2822 τηε.
750 2777 833 2822 πρό-

15 2856 21 2878 -,.
124 2837 212 2878 ξενοι
246 2839 301 2882 51,
321 2845 374 2872 67,
411 2838 466 2880 66,
486 2844 515 2870 4.
556 2836 611 2878 80,
631 2841 661 2869 6.
703 2834 758 2877 81,
778 2839 831 2868 21.

48 2891 49 2895 ’
125 2894 203 2938 150,
224 2901 275 2928 16.
308 2894 386 2937 241,
406 2899 460 2928 22.
493 2893 570 2935 305,
592 2899 643 2933 17.
680 2891 757 2934 316,
779 2897 831 2924 1⁵.

948 2381 1048 2418 τόκος
1073 2380 1151 2423 509,
1172 2387 1210 2413 17

903 2437 1128 2484 προσγράφω·
1154 2436 1374 2484 προσγράφην
1398 2437 1431 2479 4,
1451 2443 1502 2470 50.
1525 2443 1563 2469 51

903 2494 1153 2541 προσδέχομαι·
1177 2494 1240 2540 τὴν
1265 2493 1300 2527 ἐν
1323 2496 1395 2530 τοῖς
1413 2492 1521 2538 ἔργοις
1537 2495 1656 2535 πεῖραν

949 2551 980 2584 εἰ
1006 2550 1188 2599 ῥᾳθυμήση
1213 2547 1463 2596 προσδέχεσθαι
1487 2549 1565 2590 521,
1585 2554 1624 2580 16

903 2606 1129 2654 προσδίδωμι·
1157 2605 1209 2653 ἐφ’
1226 2605 1265 2641 οὔ
1289 2605 1349 2639 καὶ
1372 2601 1565 2649 προσεδόθη
1592 2602 1656 2637 ὑπὸ

949 2660 1121 2708 Καίσαρος
1146 2662 1240 2708 μίλια
1264 2661 1324 2695 δύο
1349 2661 1426 2703 473,
1447 2668 1462 2693 7

902 2717 1154 2765 προσδιορθόω·
1180 2715 1486 2763 προσδιωρθώσατο
1511 2716 1566 2759 90,
1585 2722 1626 2750 34

902 2774 1190 2821 προσεγκολάπτω
1199 2783 1207 2791 ·
1225 2771 1579 2819 προσενκολάπτεσθαι
1593 2773 1656 2818 τὴν

950 2829 1152 2876 ἱερεωσύνην
1187 2830 1246 2864 καὶ
1281 2829 1316 2863 ἐν
1351 2831 1426 2867 τοῖς
1466 2828 1656 2867 δακτυλίοις

949 2887 998 2926 οἷς
1023 2890 1179 2935 φοροῦσιν
1205 2887 1259 2931 56,
1279 2893 1319 2921 23
