1858 3126
231 126 315 168 688

230 261 409 308 ὀνομαστεί
432 262 511 306 218,
531 268 571 295 26

230 319 306 358 ὄνος
331 319 409 363 629,
430 325 482 353 56.
508 320 587 363 674,
606 325 646 353 27

229 376 477 422 ὀπισθοβαρής·
506 380 569 422 τῆς
600 375 638 409 δὲ
670 374 822 421 ἀσεβείας
846 374 986 411 ὀπισθο-

273 434 391 479 βαρεῒς
417 432 562 481 ἀνάγκαι
584 432 662 476 383,
685 439 745 468 120
819 446 822 448 ·

227 490 333 525 ὅπλον
357 489 531 536 νικητικόν
562 490 617 534 90,
637 497 691 524 39.
737 491 925 535 παρστᾶσαι
948 489 985 523 δὲ

274 548 333 594 (τῷ
347 546 527 594 ἀγάλματι)
539 546 643 582 ὅπλον
653 546 835 593 ἐπίχρυσον
849 547 984 590 767,26.

273 605 308 639 ἐν
340 603 435 649 ὅπλῳ
473 603 646 651 ἐπιχρύσῳ
682 605 763 648 470,
790 610 844 638 26.
897 602 985 637 ὅπλα

275 663 428 706 8,7.42.
454 662 583 706 90,22.
615 661 984 705 339,43.79.83.94.

271 720 351 763 437,
372 726 425 753 67.
453 727 505 753 71.
559 718 639 754 οὐδὲ
677 717 767 753 ὅπλα
804 716 985 752 ὑπεναντία

272 776 425 822 θήσομαι
449 777 528 820 266,
549 782 603 810 27.
623 782 676 810 63.
718 773 758 809 ἐκ
773 779 842 809 τῶν
858 794 905 801 -
921 774 984 820 λη-

272 833 426 879 φθέντων
465 833 581 868 ὅπλων
621 833 699 868 285.
763 831 903 870 τούτους
939 851 982 857 -

271 890 389 929 ὅπλοις
405 902 441 924 τε
464 890 524 925 καὶ
541 889 668 936 σιδήρῳ
687 889 817 930 διώξειν
843 887 982 933 (ὀμνύω)

271 948 349 991 532,
369 954 422 982 24.
466 947 547 985 τοὺς
572 946 627 981 διὰ
657 951 725 980 τῶν
751 945 868 980 ὅπλων
893 944 983 992 ἀγῶ-

268 1017 328 1043 νας
354 1007 432 1049 764,
451 1010 504 1038 24.
525 1011 578 1038 29.
599 1011 650 1039 34.
672 1011 711 1038 38

225 1061 424 1108 ὁπλοθήκη·
462 1060 553 1096 ὅπλα
588 1059 742 1106 ἐπίσημα
778 1059 981 1105 ἐνδεδεμένα

271 1117 305 1152 ἐν
332 1117 546 1164 ὁπλοθήκαις
570 1119 648 1162 339,
667 1125 708 1152 80

224 1174 422 1223 ὁπλομαχία
447 1176 525 1220 339,
545 1183 582 1211 81

223 1233 375 1279 ὀπωρινὴ
401 1232 529 1268 πυλαία
553 1233 631 1276 234,
651 1239 668 1267 2

223 1289 352 1336 ὅρασις·
383 1289 427 1335 ἣν
454 1290 471 1325 ὁ
497 1290 611 1336 πατὴρ
644 1287 781 1334 στέρξας
805 1287 980 1332 ὠνόμασεν

269 1346 325 1382 ὁτὲ
366 1347 428 1392 μὲν
470 1346 641 1393 βασιλείαν
682 1346 738 1381 ὁτὲ
784 1344 822 1380 δὲ
868 1345 980 1391 ὅρασιν

266 1404 371 1439 αὑτοῦ
397 1405 452 1448 56,
471 1412 511 1439 56

223 1461 324 1507 ὀργή·
362 1461 533 1506 δαιμόνων
567 1460 651 1507 ὀργὴ
675 1460 734 1495 καὶ
759 1459 848 1495 θεῶν
873 1459 980 1494 ἀποίν-

267 1530 335 1553 των
361 1519 439 1562 383,
459 1524 522 1552 210

223 1575 367 1622 ὀρεινός·
394 1574 495 1622 ἀγρὸν
519 1594 562 1599 --
587 1573 668 1608 ὄντα
694 1573 820 1620 ὀρεινόν
845 1573 924 1616 488,
945 1581 960 1606 7

223 1631 410 1679 ὀρεοφύλαξ
437 1633 564 1675 111,16
591 1632 645 1674 (cf.
663 1632 742 1665 Vol.
760 1633 790 1664 11
807 1631 978 1665 Addenda

267 1700 301 1734 p.
320 1690 399 1732 542)

221 1746 337 1793 ὀρθός·
363 1741 434 1781 οὐδ’
451 1742 504 1780 ἀπ’
526 1743 633 1791 ὀρθῆς
656 1744 714 1779 καὶ
737 1743 806 1790 μετ’
827 1744 979 1785 ἐξουσίας

266 1803 428 1842 θέλοντος
453 1803 610 1849 πράττειν
637 1803 714 1846 329,
731 1810 769 1837 10

221 1860 311 1906 ὅρια·
342 1861 446 1909 μέχρι
468 1866 536 1895 τῶν
563 1860 663 1907 ὁρίων
686 1864 749 1905 τῆς
775 1859 859 1898 ἰδίας
886 1859 978 1905 βασι-

264 1917 359 1957 λείας
384 1919 525 1962 248,15.
568 1917 670 1965 μέχρι
684 1922 752 1951 τῶν
769 1921 832 1962 τῆς
849 1914 978 1964 Αίγύπ-

264 1986 323 2008 του
344 1974 444 2019 ὁρίων
473 1975 549 2019 199,
570 1982 621 2009 13.
661 1974 750 2008 κατὰ
771 1973 814 2008 τὰ
838 1973 912 2019 ὅρια
935 1974 978 2008 τὰ

265 2030 539 2078 παραδειχθέντα
571 2030 649 2074 225,
670 2039 722 2065 50.
768 2030 812 2064 τὰ
835 2030 911 2075 ὅρια
934 2030 977 2064 τὰ

265 2088 349 2133 πρὸς
377 2084 585 2133 Ἀταρνείτας
622 2088 700 2130 335,
727 2095 801 2122 117.
855 2087 902 2125 εἰς
934 2087 976 2121 τὰ

265 2143 339 2189 ὅρια
362 2144 405 2179 τὰ
429 2142 666 2190 Παλμυρηνῶν
693 2144 770 2187 629,
787 2151 826 2177 18

219 2201 336 2248 ὁρίζω·
373 2200 396 2245 ἡ
430 2200 507 2239 ὁδὸς
536 2200 559 2246 ἡ
591 2200 749 2247 ὁρίζουσα
779 2200 841 2245 τὴν
871 2194 974 2235 Πιτα-

263 2258 359 2292 ναίαν
385 2258 463 2302 335,
484 2264 546 2292 112

219 2315 359 2360 ὁρκίζω·
391 2314 616 2360 ὁρκιζέτωσαν
642 2315 720 2358 229,
740 2322 791 2349 81.
840 2313 975 2360 ὁρκισά-

262 2383 372 2406 τωσαν
409 2371 532 2410 αὐτοὺς
572 2372 605 2406 οἱ
644 2370 976 2419 ἀποδειχθησόμενοι

264 2427 467 2473 πρεσβευταὶ
489 2428 546 2463 τὸν
564 2428 665 2474 ὅρκον
690 2429 768 2471 229,
788 2435 841 2462 27.
884 2427 974 2472 ὁρκι·

263 2486 416 2519 σάτωσαν
442 2483 564 2522 αὐτοὺς
583 2485 616 2519 οἱ
637 2483 807 2524 ἐξετασταί
831 2484 973 2528 229,48.

261 2540 340 2579 τοὺς
364 2541 564 2586 ὁρκιοῦντας
586 2541 624 2575 τὸ
650 2540 786 2586 πλῆθος
810 2541 889 2584 229,
909 2548 948 2575 79

217 2598 332 2643 ὅρκιον
356 2598 435 2642 453,
456 2604 497 2632 25
810 2611 812 2614 ’

217 2654 316 2701 ὅρκος
355 2659 399 2699 (v.
425 2657 533 2690 etiam
565 2665 592 2689 s.
623 2654 760 2700 ὄμνυμι)
798 2655 830 2697 2,
850 2661 902 2688 31.
941 2656 972 2698 5,

266 2718 391 2746 66.72.
429 2713 539 2756 6,44.
575 2712 704 2755 201‚9.
741 2712 972 2754 229,27.41.

265 2776 316 2803 60.
343 2777 395 2804 69.
421 2776 474 2804 80.
501 2777 553 2803 81.
590 2769 740 2812 26616.
768 2775 820 2803 19.
845 2776 898 2803 45.
918 2775 972 2802 47.

260 2826 338 2869 456,
360 2834 411 2861 15.
437 2827 515 2870 484,
536 2834 587 2861 34.
633 2825 734 2871 ὅρκος
759 2824 776 2859 ὁ
799 2824 972 2864 τελεσθεὶς

262 2882 324 2917 ὑπὸ
357 2888 424 2917 τῶν
456 2882 708 2918 κατοικούντων
733 2881 971 2930 Παφλαγονίαν

946 124 1097 158 Indices.

1101 262 1160 296 καὶ
1172 267 1240 296 τῶν
1257 262 1589 310 πραγματευομένων
1605 260 1680 311 παρ’
1696 263 1816 303 αὐτοῖς

1101 314 1284 364 Ῥωμαίων
1326 321 1406 365 532,
1434 328 1465 356 5.
1512 320 1712 368 ποιήσονται
1749 321 1814 367 τὴν

1101 375 1210 421 κρίσιν
1242 373 1318 422 μεθ’
1351 376 1454 423 ὅρκου
1486 379 1564 422 335,
1583 385 1636 413 30.
1655 384 1710 413 72.
1758 377 1816 425 ὅρ-

1101 444 1156 467 κοι
1186 434 1341 477 6,7.38.
1376 435 1580 479 13,24.25‚
1613 435 1743 479 46,13.
1795 435 1816 470 ὃ

1102 488 1142 524 ἂν
1167 489 1207 525 ἐκ
1229 496 1297 526 τῶν
1323 490 1504 538 συνθηκῶν
1535 491 1595 527 καὶ
1618 490 1730 539 ὅρκων
1754 491 1813 538 &Ei

1102 544 1308 594 Κιβυρατῶν
1332 549 1382 596 τῷ
1405 548 1507 596 δήμῳ
1531 552 1643 584 ποιεῖν
1667 549 1745 593 762,
1765 558 1782 583 5

1057 603 1268 650 ὁρκωμόσια·
1292 605 1336 640 τὰ
1360 605 1397 641 δὲ
1422 605 1531 652 ἱερεῖα
1551 605 1594 640 τὰ
1618 605 1666 644 εἰς
1689 606 1733 641 τὰ
1757 606 1815 652 ὁρ·

1100 662 1259 706 κωμόσια
1273 682 1321 687 —
1337 662 1426 697 δότω
1451 663 1469 697 ὁ
1493 662 1616 708 ταμίας
1641 663 1720 707 229,
1739 669 1779 697 82

1056 717 1254 765 ὁρμίζεσθαι
1278 720 1357 763 270,
1378 727 1416 755 13

1055 774 1176 823 ὅρμος·
1208 776 1242 810 ἐν
1268 775 1364 823 ὅρμῳ
1390 775 1555 825 Πούχεως
1584 780 1645 812 τοῦ
1668 775 1816 813 Ἀνταιο·

1100 831 1257 867 πολείτου
1280 836 1387 878 νομοῦ
1413 834 1491 878 697,
1511 841 1529 868 6

1055 888 1242 934 ὁροθετὲω·
1268 889 1486 937 ὡροθέτησαν
1512 890 1590 934 538,
1611 897 1651 926 12

1055 945 1147 992 ὅρος·
1187 945 1285 981 λίθον
1322 947 1509 992 διορίζοντα
1547 947 1647 993 ὅρους
1683 949 1761 993 612,
1781 957 1812 984 6.

1101 1003 1179 1047 769,
1198 1010 1229 1038 9.
1275 1002 1355 1038 ὅταν
1380 1003 1507 1044 ἔξωθεν
1537 1009 1606 1039 τῶν
1629 1004 1718 1050 ὅρων
1744 1005 1816 1040 εἰσ-

1100 1058 1222 1107 ἄγηται
1246 1061 1422 1104 629,160.
1444 1067 1505 1096 168

1053 1115 1150 1164 ὄρος·
1175 1086 1326 1164 ἐπάρχού
1343 1116 1444 1163 ὄρους
1459 1115 1667 1165 Βερενείκης
1691 1120 1770 1163 674,
1781 1127 1813 1154 7.

1099 1173 1188 1219 ὀρῶν
1212 1175 1352 1218 455,14

1053 1229 1200 1277 ὄρυγμα·
1227 1230 1314 1276 μήτε
1338 1230 1471 1278 ὄρυγμα
1486 1232 1626 1267 ποιείτω
1650 1233 1810 1277 483,148

1053 1285 1202 1332 ὀρύσσω·
1242 1287 1356 1333 ὤρυξα
1393 1289 1451 1323 τὸν
1487 1288 1618 1324 λάκκον
1659 1290 1737 1334 717,
1759 1278 1812 1325 19.

1099 1343 1220 1390 ὀρύξας
1243 1345 1300 1378 τὸν
1325 1344 1454 1380 λάκκον
1486 1346 1566 1390 717,
1586 1354 1615 1381 7.·
1665 1346 1720 1381 διὰ
1743 1353 1811 1382 τῶν

1099 1400 1314 1449 ὀρυχθέντων
1353 1407 1518 1448 ποταμῶν
1558 1403 1612 1447 54,
1642 1410 1696 1438 23.
1751 1404 1811 1439 ἐάν

1096 1470 1185 1496 τινες
1215 1458 1249 1492 ἐν
1280 1462 1356 1497 ταῖς
1386 1458 1480 1498 ὁδοῖς
1507 1463 1593 1507 χοῦν
1623 1460 1810 1506 ὀρύσσωσιν

1097 1516 1175 1558 483,
1196 1522 1249 1549 61.
1290 1508 1404 1562 ὧρύγη
1429 1513 1567 1563 Ἀγαθὸς
1591 1516 1721 1563 δαίμων
1747 1529 1808 1552 πο-

1095 1572 1204 1617 ταμός
1228 1573 1306 1616 672,
1323 1580 1353 1607 7.
1393 1571 1508 1620 ὦρύγη
1533 1574 1685 1619 ποταμὸς
1702 1572 1809 1609 Φιλα-

1095 1629 1229 1677 γριανός
1254 1629 1332 1674 673,
1353 1637 1370 1663 6

1051 1686 1220 1734 ὀρφανικοί
1244 1687 1324 1730 266,
1345 1694 1361 1721 8

1050 1743 1217 1791 ὀρφανός·
1253 1742 1343 1789 μηδὲ
1365 1743 1463 1778 τόνδε
1486 1744 1544 1778 τὸν
1573 1743 1675 1779 τόπον
1695 1743 1808 1791 ὀρφα-

1094 1801 1150 1835 νὸν
1199 1800 1287 1847 ἐμῆς
1333 1799 1504 1846 εὐσεβείας
1545 1800 1611 1848 ἔχῃ
1651 1801 1807 1849 μάρτυρα

1095 1858 1173 1901 383,
1193 1865 1234 1892 52

1049 1915 1221 1962 ὀρχηστής
1245 1915 1301 1959 51,
1315 1922 1357 1949 45

1048 1971 1155 2010 ὅσιος·
1171 1972 1229 2005 τὸν
1243 1970 1428 2006 ὁσιώταταν
1442 1970 1678 2017 αὐτοκράτορα
1689 1973 1708 2004 7
1715 1971 1805 2016 18,1.

1095 2028 1215 2073 μηδενὶ
1250 2028 1339 2062 ὅσιον
1375 2028 1462 2063 ἔστω
1496 2046 1542 2053 -·
1580 2027 1805 2068 ἐξιδιάζεσθαι

1093 2085 1171 2128 383,
1191 2092 1266 2119 194.
1317 2084 1356 2119 τὸ
1388 2085 1450 2129 μὲν
1484 2083 1549 2131 γὰρ
1585 2084 1676 2120 ’όσιον
1713 2084 1804 2120 ἅπαν

1091 2144 1220 2187 κοῦφον
1252 2140 1348 2187 ἔργον
1379 2141 1458 2184 383,
1478 2148 1558 2176 119.v
1612 2141 1734 2190 μηδενὶ
1765 2142 1804 2177 δὲ

1093 2197 1181 2232 ὅσιον
1202 2197 1288 2232 ἔστω
1305 2196 1445 2236 τούτους
1468 2217 1515 2222 -
1537 2198 1805 2233 καταδουλώσα-

1093 2254 1172 2289 σθαι
1196 2255 1370 2299 383,171.
1416 2254 1600 2301 εὐσεβείας,
1630 2254 1674 2301 ἣν
1704 2254 1805 2294 θεοῖς

1090 2311 1150 2346 καὶ
1163 2312 1343 2359 προγόνοις
1356 2311 1523 2359 εἰσφέρειν
1536 2310 1628 2347 ὅσιον
1641 2312 1801 2356 383‚214.

1093 2367 1111 2402 ὁ
1126 2368 1247 2413 ταμίας
1263 2374 1330 2403 τῶν
1348 2368 1449 2404 ὁσίων
1464 2368 1643 2414 προσόδων
1659 2369 1803 2413 229,58.

1091 2425 1367 2461 δικαιοδοτοῦντα
1384 2426 1484 2464 ὁσίως
1507 2426 1587 2470 448,
1607 2433 1636 2461 θ.
1679 2425 1740 2464 τὰς
1755 2444 1801 2451 ·-

1090 2483 1216 2521 πίστεις
1240 2482 1341 2522 ὁσίως
1365 2481 1562 2530 διεφύλαξεν
1588 2483 1666 2526 339,
1687 2489 1726 2516 12

1046 2539 1180 2585 ὁσιότης
1205 2540 1284 2583 383,
1305 2547 1356 2574 19.
1379 2540 1459 2584 404,
1475 2547 1516 2574 15

1045 2595 1209 2644 ὀσπρηγοί
1233 2596 1313 2639 521,
1331 2601 1371 2631 25

1043 2652 1166 2698 ὄσπρια
1190 2654 1245 2697 55,
1266 2661 1305 2688 15

1044 2709 1127 2744 ὀστᾶ
1151 2710 1229 2753 599,
1245 2717 1256 2743 1

1044 2766 1246 2812 ούαλλοίριος
1270 2766 1432 2812 στέφανος
1458 2766 1535 2809 560,
1555 2771 1596 2799 12

1043 2823 1182 2869 ούὲρνας
1209 2824 1355 2866 (verna)·
1387 2819 1550 2867 Κοσμίων
1573 2821 1692 2868 κυρίου
1709 2820 1799 2858 Καί-

1089 2892 1189 2926 σαρος
1214 2880 1353 2927 ούὲρνας
1378 2881 1455 2924 550,
1476 2886 1492 2913 2
