1858 3126
245 125 329 167 590

244 260 433 307 Δορυλαεῖς
458 262 536 304 476,
559 268 573 294 1

244 316 345 363 Δύμη
369 318 448 361 441,
469 325 531 352 196

244 373 526 422 Δωδεκάσχοινος
551 375 628 419 210,
650 383 679 409 5.
729 374 762 409 οἱ
793 374 860 409 ἀπὸ
885 372 1001 409 Φιλῶν

289 431 350 466 καὶ
371 430 653 480 Δωδεκασχοίνου
678 433 755 477 670,
777 440 793 466 5

245 487 390 534 Δωριεῖς
415 490 492 533 503,
513 496 529 523 6

252 596 395 638 Ελαῗται
421 604 498 647 335,
524 611 584 638 144

238 657 397 698 Ἐλευσίς
407 671 414 678 ·
427 665 494 694 τῶν
504 657 675 696 Ἐλευσῖνι
689 659 880 707 μυστηρίων
895 661 970 704 721,
981 667 998 694 2

252 716 464 764 Ελεφαντίνη
503 719 578 762 111,
605 726 656 753 19.
711 717 774 763 τὴν
805 716 1000 753 θεόκτιστον

288 774 387 809 πόλιν
403 772 647 820 Ἐλεφαντίνην
672 775 747 819 168,
763 782 779 808 4
809 776 863 817 (cf.
880 775 959 808 Vol.
971 776 1000 807 11

287 833 377 866 Add.
403 842 437 875 p.
457 833 547 874 545).
598 835 670 871 τοῖς
707 831 741 866 ἐν
773 828 1000 878 Ἐλεφαντίνῃ

292 888 414 934 ἱερεῦσι
447 890 594 933 168,14.
620 896 672 923 32.
723 888 803 927 τοὺς
839 889 875 923 ἐν
905 886 1001 923 Ἐλε·-

288 944 430 992 φαντίνῃ
451 945 551 991 ἱερεῖς
578 947 654 991 168,
674 953 728 982 27.
767 949 827 980 τοῦ
852 945 887 981 ἐν
900 942 1000 980 Ελε-

288 1001 430 1050 φαντίνῃ
470 1003 560 1048 ἱεροῦ
599 1004 674 1047 168,
703 1010 755 1038 56.
803 1003 852 1041 εἰς
886 1002 926 1036 τὸ
964 1001 999 1035 ἐν

282 1056 511 1105 Ἐλεφαντίνῃ
539 1059 627 1106 ἱερόν
660 1061 736 1104 168,
757 1068 809 1094 59.
857 1071 1000 1106 στρατη-

286 1115 344 1161 γὸς
368 1119 428 1150 τοῦ
441 1113 625 1161 Ὀμβείτου
650 1117 708 1151 καὶ
732 1120 791 1152 τοῦ
812 1117 888 1163 περὶ
900 1115 1000 1152 Ελε·

287 1171 449 1218 φαντίνην
474 1174 552 1217 202,
573 1182 602 1209 3.
636 1174 820 1221 στρατηγὸς
834 1171 1000 1220 Ὄμβίτου

282 1226 526 1277 Ἐλεφαντίνης
551 1232 628 1275 210,
648 1238 665 1265 2

237 1283 364 1326 Ἑλλάς
389 1289 467 1331 441,
487 1295 540 1321 74.
560 1295 614 1322 84.
634 1295 709 1323 108.
735 1289 814 1332 442,
835 1295 864 1322 2.
911 1287 1000 1330 κατὰ

285 1347 395 1378 πᾶσαν
411 1344 474 1391 τὴν
493 1340 642 1379 Ἑλλάδα
666 1346 745 1389 233,
761 1351 814 1379 25.
851 1347 911 1379 τοῦ
928 1356 1000 1379 κοι-

284 1404 344 1436 νοῦ
373 1405 435 1448 τῆς
466 1398 633 1440 Ἑλλάδος
663 1403 741 1446 497,
760 1410 791 1437 4.
835 1401 999 1448 ἑλλαδάρ-

285 1471 354 1506 χης
378 1460 456 1503 528,
478 1466 516 1493 10

246 1514 402 1562 Ελληνες
427 1505 526 1560 5,’14.
548 1523 600 1550 17.
619 1523 672 1550 22.
693 1523 746 1551 61.
766 1523 819 1550 64.
840 1523 891 1551 68.
919 1517 997 1560 233,

288 1581 341 1607 13.
365 1581 418 1607 21.
467 1575 545 1617 237,
571 1581 602 1608 4.
651 1575 729 1617 297,
755 1581 784 1607 7.
834 1574 912 1616 308,
944 1579 996 1608 23.

286 1631 363 1675 383,
384 1638 436 1665 30.
477 1631 556 1674 458,
577 1638 628 1664 47.
672 1631 749 1674 470,
775 1637 827 1664 24.
869 1631 946 1673 503,
965 1637 996 1664 4.

284 1688 362 1732 763,
383 1696 413 1722 8.
440 1688 517 1730 765,
539 1695 590 1722 17.
631 1687 755 1732 ὀμόσαι
772 1686 810 1721 δὲ
825 1682 997 1725 τοὺς”Ελ-

283 1744 390 1791 ληνας
420 1743 570 1783 ἅπαντας
607 1743 904 1791 συνδιαφυλάσσειν
936 1744 998 1779 ἀλ-

283 1802 403 1847 λήλοις
427 1802 489 1847 τὴν
516 1800 710 1848 ἐλευθερίαν
735 1801 793 1836 καὶ
816 1802 879 1848 τὴν
897 1801 996 1837 αὐτο-

282 1860 402 1906 νομίαν
440 1861 471 1903 5,
504 1867 557 1894 54.
614 1857 763 1905 ἐνάρκων
803 1858 994 1905 γενομένων

281 1922 351 1951 τῶν
374 1929 410 1951 τε
426 1912 604 1961 Ἑλλήνων
629 1916 765 1950 πάντων
789 1915 864 1951 κτλ.
889 1918 921 1960 5,
943 1924 995 1951 59.

282 1974 352 2012 τοὶς
366 1972 541 2011 ’Έλλανας
564 1972 715 2012 ἐλαῗζετο
741 1974 772 2017 8,
789 1980 820 2007 4.
859 1973 943 2020 πρός
959 1985 995 2007 τε

282 2031 339 2065 τὸν
377 2030 489 2076 δῆμον
523 2030 579 2064 τὸν
611 2026 781 2075 Ἐφεσίων
822 2029 881 2064 καὶ
915 2030 994 2068 τοὺς

283 2082 595 2132 ἄλλουὲΈλληνας
614 2087 667 2130 10,
687 2095 717 2122 3.
758 2086 791 2120 οἱ
809 2085 844 2120 ἐν
861 2084 994 2133 Κύπρῳ

283 2143 541 2191 στρατευόμενοι
575 2140 702 2190 Ἀχαιοὶ
736 2142 795 2177 καὶ
831 2143 863 2177 οἱ
893 2143 995 2178 ἄλλοι

273 2196 446 2248 (Έλληνες
484 2201 559 2244 151,
586 2207 616 2234 3.
683 2203 746 2246 τῆς
780 2199 911 2238 εὐνοίας
940 2191 993 2246 Ιἣν

282 2258 420 2305 ἔχοντες
436 2256 644 2291 διατελοῦσιν
664 2256 708 2299 (οἱ
725 2255 885 2301 βασιλεῖς)
911 2257 994 2303 πρὸς

281 2315 360 2354 τοὺς
381 2309 560 2360 εΈλληνας
593 2314 645 2357 10,
675 2321 704 2347 6.
730 2321 760 2348 7.
807 2313 879 2348 ὅσοι
911 2314 992 2348 εἰσὶν

284 2372 334 2414 (ἂν
360 2373 453 2413 ὦσιν)
479 2369 652 2416 ἐλεύθεροί
678 2382 714 2403 τε
743 2370 800 2404 καὶ
824 2365 993 2417 Ἕλληνες

282 2429 360 2472 229,
388 2436 440 2462 45.
466 2436 518 2462 75.
559 2433 626 2461 τῶν
650 2446 696 2452 -
720 2426 826 2461 ὄντων
857 2426 992 2462 ἐλευθέ-

283 2498 349 2532 ρων
367 2482 616 2529 καὶἙλλήνων
642 2485 720 2528 229,
741 2491 793 2518 51.
834 2484 911 2532 περὶ
930 2489 992 2530 τῆς

280 2547 348 2577 τῶν
365 2538 541 2587 Ἑλλήνων
557 2541 695 2587 εἰρήνης
713 2541 773 2575 καὶ
790 2540 992 2586 αὐτονομίας

282 2601 313 2643 6,
334 2606 363 2633 8.
383 2606 414 2634 9.
454 2597 664 2645 συνησθῆναι
680 2598 717 2632 δὲ
740 2598 802 2642 τὴν
820 2597 917 2632 πόλιν
934 2598 992 2632 καὶ

279 2660 352 2695 τοῖς
391 2651 566 2702 Ἕλλησιν,
615 2654 666 2689 ὅτι
712 2654 888 2700 ἐλεύθεροι
933 2654 992 2689 καὶ

281 2713 463 2759 αὐτόνομοι
487 2711 581 2750 ὄντες
607 2710 642 2746 ἐν
660 2712 778 2760 εἰρήνῃ
803 2711 849 2750 εἰς
865 2712 904 2746 τὸ
921 2711 992 2746 λοι-

281 2770 343 2804 πὸν
375 2768 542 2810 διάξουσιν
576 2771 607 2813 6,
636 2777 688 2805 15.
741 2775 799 2817 τῆι
827 2782 863 2804 τε
893 2769 992 2804 πόλει

280 2827 339 2861 καὶ
368 2830 440 2865 τοῖς
471 2826 588 2865 ἄλλοις
610 2821 777 2874 (Έλλησιν
809 2828 840 2871 6,
861 2835 913 2862 11.
960 2826 992 2861 οἱ
1044 2863 1048 2866 ,

280 2885 337 2920 τὸν
355 2883 531 2930 Θηβαϊκὸν
551 2884 655 2930 νομὸν
674 2884 843 2923 οἰκοῦντες
859 2879 991 2930 (Έλλη-

1057 1853 1181 1905 ’Έριζα
1204 1858 1318 1902 238,1

1059 1915 1231 1963 Ἕρμαιος
1245 1911 1703 1963 (δημοτικὸνἈλεξανδρείας)
1718 1915 1794 1959 703,
1804 1922 1821 1949 6

1059 1971 1292 2021 “Ερμουπολις
1331 1971 1354 2017 ἡ
1389 1972 1522 2019 μεγάλη
1550 1971 1625 2014 182,
1645 1977 1675 2006 2.
1701 1972 1779 2015 709,
1792 1978 1822 2006 2.

1058 2425 1279 2474 Ἐρχομένιοι
1303 2429 1381 2471 316,
1409 2435 1439 2463 3.
1467 2436 1483 2461 7

1058 2482 1233 2522 Ἐτεννεύς
1259 2486 1313 2528 86,
1334 2493 1373 2520 10

959 123 1110 157 Indices.

1118 271 1172 299 νες
1198 260 1275 304 709,
1296 267 1325 294 9.
1372 265 1439 294 τῶν
1465 255 1640 306 Ἑλλήνων
1668 265 1736 295 τῶν
1763 259 1828 305 τὴν

1117 314 1225 352 Ἀσίαν
1249 317 1504 352 κατοικούντων,
1524 318 1601 362 765,
1623 324 1676 352 14.
1716 315 1749 352 οἱ
1771 315 1829 352 ἐπὶ

1118 378 1180 419 τῆς
1205 371 1311 412 Ἀσίας
1327 367 1500 422 Ἕλληνες
1532 375 1610 419 458,
1629 381 1682 410 30.
1702 382 1754 409 50.
1775 382 1828 409 78.

1119 431 1196 475 470,
1217 438 1246 465 9.
1274 431 1351 475 507,
1373 439 1403 467 3.
1441 429 1634 467 Ἀντινοέων
1651 430 1735 466 νέων
1750 426 1830 466 Ἑλ-

1118 487 1233 533 λήνων
1273 489 1351 532 709,
1385 496 1416 523 4.
1478 493 1614 535 πρῶτον
1651 484 1828 534 Ἑλλήνων

1119 545 1268 588 544,14.
1311 545 1390 588 545,
1416 553 1446 579 9.
1487 546 1566 589 652,
1592 551 1624 580 2.
1676 543 1828 590 πόλεμον

1118 600 1354 646 ἐξενικάμενος
1394 602 1477 648 πρὸς
1515 599 1728 647 Ἀλέξανδρον
1770 600 1830 635 καὶ

1117 658 1186 696 τοὶς
1207 652 1381 697 Ἕλλανας
1411 661 1443 703 8,
1463 667 1493 694 5.
1547 658 1570 693 ἁ
1594 657 1693 697 πόλις
1716 657 1738 693 ἁ
1760 655 1829 694 Ἀν-

1117 714 1260 762 τιοχέων
1285 735 1331 740 -
1357 716 1518 764 συγγενὴς
1543 715 1646 750 ἐοῦσα
1666 721 1734 750 τῶν
1750 711 1829 750 Ἑλ-

1117 771 1229 807 λάνων
1255 773 1332 817 234,
1353 780 1405 807 12.
1446 772 1563 811 καλῶς
1586 785 1623 807 τε
1645 772 1705 808 καὶ
1727 771 1828 812 ἀξίως

1116 834 1183 863 τῶν
1207 826 1383 864 Ἑλλάνων
1416 829 1637 876 ἀνέστρεπται
1669 830 1748 874 234,
1775 837 1828 864 15.

1116 886 1262 925 πολλαῖς
1315 893 1383 922 τῶν
1431 883 1638 935 Ἑλληνίδων
1693 886 1828 922 πόλεων

1117 944 1195 987 233,
1223 951 1276 978 37.
1323 943 1355 979 οἰ
1385 943 1446 982 τὰς
1473 940 1679 990 Ἑλληνίδας
1713 956 1829 979 κατοι-

1116 1004 1256 1038 κοῦντες
1273 999 1391 1039 πόλεις
1416 1001 1493 1045 763,
1515 1009 1565 1036 11.
1607 1001 1663 1036 διὰ
1677 1001 1716 1036 τὸ
1732 1002 1829 1049 γένος

1115 1053 1316 1104 Ἑλληνικὸν
1357 1057 1394 1092 ὄν
1434 1058 1512 1102 497,
1548 1066 1578 1093 6.
1634 1058 1828 1106 γράμμασιν

1119 1110 1331 1161 Ἑλληνικοῖς
1357 1115 1411 1159 56,
1431 1123 1485 1150 74.
1515 1116 1570 1159 90,
1590 1123 1643 1150 54.
1678 1116 1754 1159 194,
1774 1122 1828 1150 30.

1116 1169 1317 1218 Ἑλληνικαὶ
1341 1171 1563 1218 βιβλιοθήκαι
1587 1172 1665 1216 679,
1680 1177 1711 1208 6.
1753 1183 1829 1207 συν-

1116 1228 1336 1275 χρηματίζειν
1371 1229 1415 1276 τῇ
1449 1224 1636 1277 ΉΡωμαίκῃ
1669 1229 1727 1264 καὶ
1764 1228 1827 1274 τὴν
1855 1242 1858 1258 ι

1115 1282 1322 1332 Ἑλληνικὴν
1346 1284 1479 1332 ἡμέραν
1502 1287 1581 1331 458,
1601 1294 1640 1321 53
1856 1291 1858 1308 ³

1065 1340 1322 1389 Ἑλλήσποντος
1348 1344 1379 1386 5,
1399 1349 1428 1376 6.
1463 1343 1517 1387 54,
1538 1350 1590 1377 14.
1612 1350 1664 1378 15.
1697 1343 1812 1388 501,8
1817 1367 1827 1379 .

1117 1401 1151 1434 ἐν
1187 1401 1230 1448 τῇ
1263 1395 1316 1447 ἐφ
1350 1368 1602 1446 Ελλησπόντου
1645 1400 1828 1448 σατραπείᾳ
1854 1439 1856 1442 ,

1116 1458 1194 1501 221,
1225 1464 1279 1492 27.
1323 1457 1367 1502 ἐμ
1403 1455 1537 1504 Φρυγίᾳ
1563 1458 1606 1505 τῇ
1633 1457 1676 1504 ἐφ
1705 1455 1834 1504 Ἑλλη-

1117 1514 1250 1560 σπόντῳ
1276 1515 1354 1557 274,
1374 1521 1390 1547 1

1064 1568 1289 1617 Ἐπιδάμνιος
1315 1571 1392 1615 119,
1412 1579 1428 1606 3

1067 1626 1286 1675 Ἐπικτητεῖς
1302 1629 1381 1672 445,
1397 1635 1414 1662 3

1063 1684 1279 1733 Ἐπιφάνειοι
1304 1685 1511 1732 (δημοτικόν)
1536 1686 1615 1730 695,
1633 1694 1652 1721 4

1066 1740 1292 1789 Ἑπτακωμία
1317 1743 1407 1787 52,1
1855 1750 1858 1779 Ι

1062 1798 1263 1848 Ἐρέσιοιδ,
1281 1808 1355 1836 105.
1379 1807 1454 1835 123.
1475 1807 1538 1834 155

1112 2027 1359 2076 Ερμοπολίτης
1388 2029 1455 2062 689

1068 2085 1301 2134 Ἑρμωνθίτης
1327 2085 1454 2131 (νομός)
1483 2085 1561 2130 680,
1581 2091 1612 2119 2.
1637 2085 1715 2129 683,
1731 2091 1749 2119 2

1062 2142 1213 2190 Ἐρυθρὰ
1237 2143 1393 2179 θάλασσα
1417 2143 1472 2187 69,
1488 2150 1518 2178 6.
1546 2142 1623 2187 186,
1642 2150 1672 2177 5.
1699 2142 1775 2186 190,
1790 2149 1820 2177 8.

1112 2202 1187 2244 199,
1207 2207 1260 2235 25.
1281 2207 1332 2234 26.
1354 2200 1432 2246 233,
1449 2207 1523 2234 106.
1549 2200 1627 2244 701,
1643 2207 1695 2234 11.
1713 2211 1821 2245 παρα·
1838 2199 1845 2229 ’.

1110 2257 1272 2303 λήμπτης
1288 2253 1533 2302 τῆςἘρυθρᾶς
1550 2255 1725 2304 θαλάσσης
1742 2256 1840 2302 202,-γ

1111 2322 1141 2349 4.
1169 2323 1198 2349 5.
1222 2314 1435 2360 κυβερνήτης
1450 2310 1678 2361 Ἔρυθραϊκός
1703 2315 1780 2359 674,
1800 2321 1818 2347 9
1849 2319 1851 2323 ”

1060 2368 1262 2417 Ἐρυθραῖοι
1288 2372 1364 2415 223,
1386 2379 1401 2405 1
1831 2364 1835 2367 Δ

1061 2540 1211 2579 Εὐλαῖος
1235 2541 1388 2587 ποταμός
1414 2543 1492 2586 233,
1512 2549 1572 2577 109

1060 2597 1268 2644 Εὐπαννήση
1295 2599 1372 2642 225,
1391 2606 1432 2632 48

1061 2655 1229 2703 Εὔρωμος
1253 2656 1331 2699 441,
1353 2662 1413 2689 151

1063 2711 1266 2760 Εὐφράτης·
1291 2717 1353 2759 τῆς
1378 2712 1470 2751 ἐντὸς
1494 2710 1675 2759 Εὐφράτου
1702 2703 1829 2761 χώραςῖ

1108 2770 1219 2816 πάσης
1237 2771 1291 2814 54,
1307 2776 1360 2804 13.
1377 2776 1428 2804 14.
1454 2769 1551 2815 διέβη
1565 2769 1622 2804 τὸν
1632 2767 1815 2816 Εὐφράτην

1109 2829 1163 2871 54,
1184 2835 1223 2861 17

1061 2881 1222 2930 Ἐφεσεύς
1247 2882 1350 2930 (φυλὴ
1375 2879 1552 2931 Ἐφεσίων)
1579 2884 1631 2928 10,
1651 2890 1690 2918 20
