1858 3126
65 194 147 238 62⁹]
605 195 772 228 Portoria
793 193 1106 236 Palmyrenorum.
1561 194 1640 236 331

109 341 153 375 85
179 328 369 388 Χρήσεος
396 332 536 386 πηγῶν
569 329 655 387 β”58
683 327 858 372 ἑκάστου
887 329 1000 377 ἔτους
1031 327 1127 371 Χω’
1162 330 1167 384 1

170 396 219 442 Ὅ
246 397 367 447 οὗτὸς
394 397 567 456 πρά[ξ]ει
595 400 722 455 γόμου
750 401 933 455 πυριιοῦ,
964 399 1127 451 οἰνικοῦ,
1161 399 1334 455 ἀχύζρων
1364 397 1435 441 καὶ
1463 399 1647 442 τοιούτου

267 467 408 524 γένους
451 466 625 510 ἑκάστου
668 468 796 524 γόμου
836 467 842 522 Ι
878 469 1107 523 ιαμηλικοῦ
1151 465 1241 509 καθ’
1293 467 1385 510 ὁδὸν
1424 466 1599 524 ἑκάστην
1610 471 1647 498 ⁵⁹

59 638 62 642 .
106 535 400 662 ωΚαμῗὴἳῖυΙ
422 605 512 653 ὃςω
550 604 665 652 κενὸς
707 605 885 662 εἰσαχθῇ
897 606 934 634 ⁶¹
975 603 1117 661 πράξει
1154 602 1258 659 ※a',
1296 605 1310 662 ss
1349 606 1487 654 καθὼς
1529 605 1647 654 Κίλιξ

268 671 479 730 Καίσαρος
508 673 779 730 ἀπελεύθερος
788 675 826 703 ⁶²
853 673 1033 730 ἔπραξεν.
1068 675 1074 729 Ι

61 836 100 868 et
122 833 351 870 substantive
373 835 444 876 (Gr.
461 834 670 877 Ostraka11‚
695 837 795 877 4334,
820 837 851 868 t.
896 835 1065 868 Revenue
1089 843 1172 878 pap.
1191 836 1245 877 47,
1265 836 1317 876 ⁴2)
1342 839 1528 878 usurpata.
1577 837 1646 876 Qui

61 891 287 925 venumdant
318 892 438 926 vestes
466 901 540 926 non
571 891 618 926 ab
647 892 738 934 ipsis
769 891 965 934 confectas,
997 891 1061 925 sed
1090 895 1244 935 emptas,
1277 893 1435 935 intellegi
1465 894 1645 928 videntur.

60 948 236 982 Wlleken.
345 951 388 982 5⁶
418 949 551 983 ulrum
567 952 633 991 est,
651 958 722 982 non
738 951 880 982 eertum
896 949 1051 992 vectigal
1068 951 1235 992 proponi,
1255 950 1320 984 sed
1336 951 1486 984 indicari
1504 954 1646 985 tantum

55 1005 294 1054 ‚pendendum
311 1014 402 1049 esse,
426 1008 604 1050 quantum
628 1007 717 1040 satis
733 1015 814 1040 esse
830 1006 1007 1040 videatur.
1048 1007 1116 1040 Sed
1141 1007 1239 1040 nulla
1262 1010 1318 1041 est
1342 1008 1386 1041 de
1410 1017 1452 1041 ea
1477 1018 1516 1042 re
1540 1009 1645 1042 dubi·

0 1079 1 1083 =
62 1063 164 1106 tatio,
187 1064 273 1106 quia
288 1065 398 1097 etlam
422 1064 460 1096 in
475 1065 664 1097 Aramaico
681 1064 848 1106 exemplo
864 1063 961 1096 idem
979 1064 1120 1106 legitur.
1231 1067 1273 1097 57
1304 1065 1461 1099 Primam
1486 1067 1645 1100 litteram

0 1166 2 1180 ἱ
61 1122 126 1154 aut
149 1121 177 1154 Γ
198 1122 263 1154 aut
287 1121 313 1155 Π
336 1129 429 1163 esse,
452 1122 597 1154 tertiam
621 1123 658 1154 et
680 1123 847 1164 quartam
874 1123 953 1163 ec,
977 1123 1133 1154 testatur
1155 1122 1306 1155 Dessau.
1351 1123 1536 1165 supplevi,
1561 1133 1645 1157 cum

0 1181 1 1187 ¹
63 1178 105 1211 ΙΝ
130 1177 232 1211 facile
255 1178 365 1212 unius
386 1178 527 1212 litterae
549 1178 672 1212 locum
688 1180 811 1211 tenere
828 1187 937 1220 posse
953 1187 1071 1221 neque
1087 1179 1355 1212 anacolutbiam
1379 1181 1645 1214 intolerabilem

0 1253 2 1266 1
60 1243 142 1268 esse
156 1243 373 1277 persuasum
390 1235 574 1268 haberem.
684 1238 726 1268 58
758 1237 971 1269 ΧΡΗΟΘΟΟ
987 1236 1071 1275 (non
1088 1237 1165 1276 me)
1191 1237 1228 1268 in
1250 1236 1368 1278 lapide
1384 1245 1465 1269 esse
1480 1238 1645 1271 Dessauii

0 1289 2 1315 ²
61 1292 271 1325 testimonio
295 1294 447 1325 constat.
495 1292 679 1330 Quantum
703 1292 872 1324 homines
897 1291 1090 1324 tribuerint
1113 1301 1291 1334 aquarum
1317 1294 1442 1335 copiae
1471 1303 1544 1336 qua
1569 1295 1647 1328 Pal-

61 1357 169 1391 myra
190 1349 228 1382 tn
253 1349 372 1382 medio
396 1349 540 1382 deserto
564 1350 635 1381 sita
663 1348 882 1389 abundabat,
918 1350 1070 1391 apparet
1097 1357 1143 1382 ex
1173 1349 1276 1382 Plinii
1304 1349 1385 1383 Nat.
1407 1351 1491 1383 hist.
1514 1351 1557 1394 V,
1583 1355 1644 1386 88:

60 1403 242 1450 Palmyra
268 1403 358 1440 urbe
384 1403 519 1439 nobilis
548 1404 635 1448 citu,
668 1403 812 1439 divitiae
838 1403 912 1439 ⁸010·
943 1404 1113 1450 &aquae
1149 1405 1323 1441 amomis.
1371 1408 1497 1450 Itaque
1527 1418 1646 1451 neque

56 1471 188 1496 curam
212 1462 398 1505 publicam
422 1462 577 1496 rontium
610 1462 664 1503 (ct
690 1472 724 1496 n.
743 1465 820 1505 634,
838 1466 869 1495 2.
889 1465 908 1494 3
942 1460 1153 1508 ἐπιμελητὴς
1182 1462 1328 1510 αἱρεθεὶς
1353 1457 1490 1509 ’Beue
1520 1466 1644 1512 πηγῆς)

61 1529 180 1563 neque
202 1520 357 1563 vectigal
380 1521 433 1553 eis
449 1521 663 1563 impositum
686 1530 708 1554 a
724 1521 872 1554 civitate
886 1521 1012 1554 mirari
1028 1520 1217 1555 debemus.
1254 1522 1423 1555 Annuum
1440 1522 1511 1556 boc
1534 1523 1646 1557 fuisse

61 1586 108 1610 ex
131 1577 279 1620 Graeco,
309 1578 347 1610 in
368 1577 462 1611 urbe
485 1577 602 1611 fontes
625 1578 716 1611 sitos
739 1577 852 1611 tuisse
874 1587 921 1611 ex
943 1578 1134 1612 Aramaico
1157 1579 1326 1621 exemplo
1349 1579 1535 1613 discimus.
1576 1580 1646 1614 Sed

61 1635 146 1677 quis
168 1634 382 1678 pependerit
403 1636 442 1667 et
463 1643 531 1677 pro
555 1643 629 1677 quo
652 1643 768 1677 aquae
791 1643 863 1667 usu
885 1636 1016 1668 neutro
1037 1634 1117 1668 loeo
1149 1636 1369 1669 enuntiatur.
1415 1637 1555 1670 Dessau
1579 1646 1645 1680 po-

61 1692 245 1725 tissimum
275 1691 322 1724 de
349 1693 596 1724 mereator-um
625 1691 862 1725 societatibus
893 1690 1051 1733 (συνοδίαι
1074 1701 1109 1725 n.
1127 1691 1227 1733 6³2²)
1261 1694 1405 1735 cogitat,
1435 1703 1530 1736 quae
1559 1703 1644 1727 eum

61 1749 230 1791 Palmyra
253 1757 320 1792 per
342 1748 528 1782 desertum
551 1749 621 1782 iter
643 1748 812 1791 facerent,
841 1751 942 1782 utres
965 1757 1054 1782 suos
1077 1759 1207 1792 magna
1231 1751 1336 1792 copia
1365 1760 1482 1793 aquae
1505 1760 1550 1784 ex
1574 1752 1645 1786 illis

53 1804 224 1840 ,lontibus
245 1805 398 1844 haustae
420 1806 625 1849 implerent,
658 1806 792 1848 Cagnat
825 1806 871 1839 de
906 1807 959 1839 eis
991 1807 1126 1849 potius,
1157 1808 1220 1849 qui
1252 1810 1427 1850 quaestus
1452 1810 1510 1843 sui
1534 1818 1646 1843 causa

62 1871 161 1906 aqua
191 1871 287 1906 opus
316 1862 522 1905 habuerint,
551 1863 652 1896 velut
686 1863 838 1897 fullones
870 1864 927 1896 vel
964 1863 1102 1897 domini
1134 1863 1360 1897 balineornm
1397 1867 1459 1897 aut
1494 1875 1645 1908 magno-

61 1928 147 1954 rum
179 1920 385 1954 hortorum.
447 1920 575 1963 Utique
610 1922 711 1954 cives
747 1930 875 1954 omnes
910 1930 991 1954 eam
1027 1930 1159 1963 aquam
1196 1930 1290 1964 quae
1326 1922 1372 1955 ad
1407 1931 1517 1955 usum
1553 1932 1645 1965 quo·

59 1977 241 2011 titlianum
269 1977 479 2015 hauriretur
509 1979 609 2017 tanto
639 1979 757 2020 pretio
792 1978 971 2011 redimere
1007 1980 1154 2011 coaetos
1185 1987 1267 2012 esse
1299 1980 1447 2022 utrique
1490 1980 1645 2013 incredi-

61 2033 136 2068 bile
163 2034 319 2068 videtur.
451 2038 495 2068 5⁹
525 2034 757 2068 Nutrimenta
786 2036 977 2068 bominum
1008 2037 1045 2068 et
1071 2035 1251 2078 pabulum
1282 2036 1520 2080 camelorum,
1551 2046 1645 2079 quae

53 2092 284 2133 porc-tores
307 2099 373 2134 per
396 2091 581 2125 desertum
611 2091 883 2134 proficiscentes
911 2101 1037 2125 secum
1067 2094 1268 2135 portarent,
1302 2093 1461 2135 intellegi
1497 2103 1543 2127 ex
1574 2095 1645 2127 illis

13 2143 17 2148 ¹
61 2143 139 2183 καθ’
158 2146 236 2183 mv
259 2146 408 2192 ἑκάστην
438 2149 583 2191 collegit
603 2149 753 2182 Daesau.
801 2149 867 2182 Hic
896 2158 985 2182 vero
1015 2149 1212 2182 discrimen
1243 2151 1405 2183 cernitur
1434 2151 1532 2184 haud
1565 2152 1644 2184 leve

62 2205 157 2238 inter
178 2204 424 2238 Romanorum
454 2206 552 2247 leges
580 2208 617 2238 et
644 2206 735 2239 haec
757 2207 1056 2248 Palmyrenorum
1086 2207 1262 2243 instituta.
1310 2207 1403 2241 Nam
1436 2208 1534 2250 apud
1563 2209 1645 2242 illos

21 2277 29 2280 -
61 2261 211 2304 quidem
233 2270 329 2304 quae
350 2263 511 2295 viatores
535 2263 573 2296 in
595 2272 706 2295 suum
737 2272 846 2297 usum
877 2263 1041 2296 ferebant
1069 2265 1246 2297 immunia
1274 2267 1387 2297 erant.
1435 2265 1485 2298 cf.
1509 2266 1643 2307 Digest.

60 2318 223 2360 xxxix,
239 2320 271 2361 4,
289 2321 321 2361 t,
340 2321 372 2352 4.
402 2319 440 2361 L,
457 2322 513 2362 46,
530 2322 608 2362 2⁰3,
632 2329 728 2362 quos
752 2321 853 2354 locos
869 2321 1008 2354 Dessau
1024 2322 1145 2354 attulit
1152 2330 1163 2362 ;
1186 2322 1308 2364 priore
1333 2331 1377 2355 ex
1393 2323 1447 2355 eis
1468 2331 1555 2355 sane
1572 2332 1644 2356 non

62 2375 108 2409 de
130 2376 184 2408 οὓ
207 2376 272 2418 qui
299 2376 369 2408 iter
391 2376 524 2409 faciant
546 2377 583 2409 in
606 2378 832 2420 universum,
864 2377 929 2411 sed
953 2378 999 2411 de
1021 2379 1075 2411 eis
1099 2379 1209 2412 modo
1230 2380 1295 2421 qui
1319 2380 1518 2422 provinciis
1542 2389 1644 2412 exer-

18 2444 21 2471 j
55 2431 244 2470 ‚citibusve
265 2433 428 2475 praemit
450 2433 595 2467 dicitur.
714 2437 754 2467 60
788 2434 855 2467 Hic
882 2435 1138 2478 masculinum,
1168 2445 1204 2468 v.
1222 2439 1288 2468 466
1314 2445 1402 2469 vero
1433 2437 1642 2470 femininum

61 2497 143 2523 esse
163 2487 325 2533 κάμηλος
348 2489 560 2524 observavit
586 2491 735 2524 Daesau.
789 2491 883 2530 Quin
913 2492 1111 2535 utrobique
1139 2495 1260 2526 totum
1289 2494 1501 2526 animalium
1530 2491 1654 2535 genus'

62 2546 140 2579 stne
162 2554 273 2580 sexus
296 2547 527 2580 distinetione
541 2547 731 2591 indicetur,
755 2558 827 2582 non
850 2551 907 2582 est
922 2549 1088 2582 dubium.
1129 2550 1198 2582 Sed
1220 2551 1343 2583 nescio
1362 2560 1407 2583 an
1430 2551 1501 2583 hoc
1518 2550 1644 2583 discri-

62 2611 147 2636 men
168 2603 302 2636 indicio
326 2605 385 2646 sit,
416 2614 487 2638 non
515 2604 563 2637 ab
586 2605 715 2638 eodem
745 2606 894 2639 homine
923 2606 990 2639 bos
1014 2607 1109 2639 duos
1142 2607 1241 2640 looos
1271 2607 1430 2649 scriptos
1454 2616 1543 2640 esse.
1593 2607 1642 2639 Cf.

62 2660 139 2693 not.
155 2662 210 2692 98.
335 2664 373 2693 64
406 2662 504 2695 Intra
526 2671 560 2694 v.
578 2665 645 2695 466
674 2672 747 2696 non
778 2664 905 2696 vacuis
936 2663 1057 2705 modo,
1087 2663 1152 2696 sed
1183 2665 1294 2696 etiam
1324 2665 1466 2696 onustis
1495 2664 1643 2696 camelis

64 2715 162 2748 idem
186 2718 340 2759 vectigal
362 2718 576 2760 imponitur.
624 2719 736 2752 Cuius
758 2720 813 2752 rei
836 2720 882 2752 de
903 2721 1043 2752 ratione
1067 2719 1110 2752 cf.
1135 2721 1209 2752 not.
1227 2722 1305 2752 ⁴28.
1422 2723 1465 2751 62
1497 2720 1644 2751 Cilicem

64 2770 254 2806 officialem
275 2776 526 2816 portui-iorum
554 2777 699 2818 imperii
721 2777 873 2809 Romani
903 2777 940 2808 in
968 2776 1101 2808 vicinia
1125 2776 1324 2817 Palmyrae,
1358 2775 1510 2808 fortasse
1533 2776 1645 2816 Zeug—

65 2829 163 2860 mate
190 2829 236 2861 ad
259 2830 492 2874 Euphratem,
524 2833 636 2866 fuisse
664 2833 735 2866 sibi
765 2833 947 2874 persuasit
979 2833 1128 2864 Dessau.
1177 2832 1411 2872 Palmyrenos
1442 2832 1555 2872 igitur
1584 2832 1645 2864 hic

66 2884 274 2926 exemplum
297 2886 543 2920 Romanorum
566 2890 671 2931 sequi
694 2890 730 2922 in
755 2889 922 2930 vectigali
945 2888 1157 2920 definiendo.
1204 2888 1250 2920 At
1274 2888 1304 2920 si
1328 2888 1418 2920 haec
1441 2890 1538 2920 esset
1560 2896 1646 2921 sen-

66 2941 188 2982 tentia,
212 2942 398 2982 quomodo
422 2946 571 2986 proprio
594 2947 742 2978 nomine
765 2946 875 2978 unius
898 2945 1067 2986 hominis,
1092 2945 1155 2985 qui
1179 2944 1372 2985 aliquando
1396 2943 1467 2976 hoe
1490 2945 1644 2987 vectigal
