1858 3126
43 151 124 194 ⁵1³0}
161 160 170 165 ·
562 148 789 182 Ptolemaeus
812 147 859 180 lv
883 146 1101 189 Philopator.
1534 147 1618 187 469

132 297 222 342 729
261 300 440 340 Marmor
468 298 700 350 candidum,
730 299 941 337 inventum
965 297 1232 337 Alexandriae
1262 308 1370 337 anno
1394 297 1517 348 4904,
1550 308 1620 336 ex-

45 371 127 410 stat
159 369 308 409 ibidem
343 368 384 407 in
428 378 582 407 museo.
644 366 717 405 Ed.
758 365 804 406 G.
832 365 954 417 notu,
992 365 1208 417 Catalogue
1246 366 1318 405 des
1361 369 1620 405 monuments

45 437 219 491 expos&
237 447 292 477 au
308 436 448 476 musee
468 432 747 475 d'Alexandrie
775 446 816 486 p.
840 434 921 473 553
953 445 992 473 n.
1018 433 1113 473 442.
1154 434 1325 473 Bulletin
1346 435 1396 474 de
1415 435 1454 473 la
1474 434 1620 474 societe

44 505 155 547 arch.
187 502 467 545 d’Alexandrie
500 503 609 543 ⁴902
641 503 693 542 lv
720 514 760 555 p.
785 503 837 541 94
878 499 941 554 (U.
968 513 1050 542 von
1081 501 1626 542 Wilamowitz-Mollendorii

46 572 414 625 Sitzungsberichte
444 572 518 611 der
546 572 632 623 Kgl.
653 571 726 610 Ak.
750 569 788 610 d.
810 571 876 610 W.
898 582 950 610 zu
969 570 1103 610 Berlin
1136 570 1245 610 ⁴902
1276 570 1401 609 XLIX
1430 583 1470 623 p.
1495 571 1618 611 4095.

46 643 96 682 Μ.
119 643 163 682 L.
187 641 332 683 Strack
372 640 522 680 Archiv
557 639 625 679 fiir
658 639 1068 692 Papyrusforschung
1102 639 1137 678 11
1177 651 1219 692 p.
1247 639 1328 678 544
1370 651 1409 678 n.
1432 639 1500 678 22.
1562 639 1619 679 Ci'.

47 721 152 763 quae
187 710 376 763 exposuit
411 709 520 748 idem
554 707 784 748 Zeitschrift
821 707 886 747 ffir
915 707 979 747 die
1013 707 1415 748 neutestamentliche
1443 709 1625 748 Wissen-

47 778 182 819 suhart
208 777 294 818 und
322 777 387 818 die
417 777 558 817 Kunde
587 776 660 816 des
690 775 1068 816 Urchristenthums
1097 776 1150 814 lv
1182 775 1290 815 4903
1327 788 1368 828 p.
1397 775 1481 815 243
1503 776 1621 828 sqq.).

452 886 575 945 Ὑπὲρ
669 888 865 944 βασιλέως
960 886 1214 943 Πτολεμαίου

459 954 529 998 καὶ
650 955 885 1013 βασιλίσσης
995 952 1211 1012 Ἀρσινόης,

459 1025 566 1066 θεῶν
639 1025 929 1080 Φιλοπατόρων
942 1026 969 1078 ¹,
1033 1022 1215 1080 Ἀνούβει

461 1094 500 1135 οἰ
553 1093 813 1149 πρεσβύτεροι
822 1094 841 1122 ²
889 1095 966 1134 τῶν
1026 1094 1216 1148 ὀλυροκό·

416 1173 437 1204 5
462 1163 585 1202 πωνῧ.
830 1160 983 1217 ἱερεὺς4
1008 1158 1216 1215 Ἀμεννεῦς

466 1228 618 1285 Παχώς
834 1228 996 1275 Παᾶπις

464 1295 704 1353 Παψώβθης
833 1295 1024 1353 Παθβοῦς

466 1363 677 1421 Πετοσῖρις
835 1363 1044 1421 Πεσιέχων

150 1507 163 1536 4
199 1503 425 1537 Ptolemaeus
450 1503 496 1536 IV
521 1503 728 1545 Philopator
752 1504 945 1543 (ΞΜ-205
970 1512 1000 1536 a.
1017 1503 1102 1536 Chri
1121 1503 1166 1546 p.)
1194 1504 1346 1547 eiusque
1369 1513 1467 1537 uxor
1489 1503 1631 1537 eadem-

0 1602 2 1604 ,
55 1569 128 1604 quo
151 1569 259 1594 soror
281 1560 442 1594 Arsinoe.
572 1563 592 1592 2
623 1559 672 1593 Cf.
697 1559 777 1593 Vol.
798 1560 813 1592 1
837 1559 1008 1592 Addenda
1032 1569 1067 1602 p.
1085 1563 1148 1594 653
1168 1569 1222 1603 sq.
1352 1563 1371 1593 ³
1401 1561 1631 1595 Vocabulum

0 1643 2 1645 -
56 1615 175 1664 ὄλῦραι
203 1617 375 1651 frumenti
398 1625 512 1659 genus
536 1616 714 1659 significat
737 1617 844 1659 idem,
878 1617 977 1659 quod
1008 1617 1116 1650 hodie
1139 1615 1290 1651 Dum-ak
1321 1618 1534 1661 appellatur.
1582 1619 1632 1652 Cf.

54 1675 94 1708 A.
110 1674 348 1708 Wiedemann
372 1671 561 1707 Herodot's
584 1675 732 1708 zweites
757 1673 855 1707 Buch
878 1682 914 1716 p.
932 1676 1010 1707 458.
1058 1674 1134 1707 Hoc
1156 1675 1358 1717 Aegyptios
1382 1676 1482 1709 vesci
1506 1677 1633 1709 solitos

14 1767 20 1779 2
56 1732 130 1766 iam
152 1731 358 1764 Herodotus
382 1731 491 1764 refert
514 1732 555 1774 11,
574 1734 633 1764 26:
666 1730 734 1765 ἀπὸ
758 1734 874 1775 πυρῶν
898 1729 957 1764 καὶ
979 1729 1126 1775 κριθέων
1151 1730 1259 1765 ὧλλοι
1283 1731 1416 1775 ζώουσι,
1438 1729 1633 1778 Αἰγυπτίων

57 1787 96 1822 δὲ
117 1787 167 1834 τῷ
190 1786 382 1833 ποιευμένῳ
405 1787 474 1822 ἀπὸ
496 1787 627 1822 τούτων
649 1786 712 1832 τὴν
731 1786 813 1833 ζόην
838 1786 968 1826 ὄνειδος
993 1787 1146 1834 μέγιστόν
1172 1788 1251 1832 ἐστι,
1276 1787 1367 1822 ἀλλὰ
1390 1788 1458 1823 ἀπὸ
1482 1788 1633 1834 ὀλυρέων

4 1844 15 1850 “’
57 1847 227 1880 ποιεῦνται
256 1843 353 1888 σιτία,
381 1844 443 1883 τὰς
475 1844 566 1884 ζειὰς
598 1843 805 1892 μετεξέτεροι
836 1844 1009 1879 καλέουσι.
1050 1855 1080 1878 e.
1099 1848 1141 1878 77
1166 1844 1416 1892 ἀρτοφαγέουσι
1440 1845 1479 1879 δὲ
1502 1846 1543 1880 ἐτι
1565 1851 1634 1880 τῶν

57 1901 206 1947 ὀλυρέων
229 1905 403 1940 ποιεῦντες
424 1901 559 1947 ἄρτους,
582 1900 662 1940 τοὺς
686 1901 813 1936 ἐιεῖνοι
835 1901 1021 1945 κυλλήστις
1044 1901 1258 1946 ὀνομάζουσι.
1299 1903 1367 1942 Qui
1390 1904 1491 1946 quod
1514 1904 1636 1937 tritico

2 1987 10 2003 .
58 1961 97 1994 et
118 1959 255 1993 hordeo
279 1960 362 1993 illos
385 1968 474 1993 usos
498 1961 614 2002 negat,
639 1968 725 1992 sane
749 1959 892 1993 fallitur.
940 1960 991 1992 De
1016 1960 1140 2002 olyrae
1164 1969 1235 1994 usu
1260 1969 1347 1994 vero
1372 1970 1457 1993 cum
1481 1970 1525 1994 eo
1549 1970 1637 1994 con-

59 2017 169 2050 sentit
203 2017 337 2050 Plinius
371 2016 414 2050 N.
439 2017 528 2049 Hist.
552 2014 675 2058 XVIII,
702 2019 744 2049 62
783 2014 916 2059 farina
949 2014 994 2049 in
1026 2014 1184 2061 Aeyypto
1218 2027 1260 2050 at
1294 2016 1398 2061 olyra
1432 2016 1635 2061 conficitur.

0 2072 14 2119 ‘rs
61 2075 105 2106 92
131 2071 219 2106 hae-2
240 2071 341 2107 em‘m
362 2074 414 2107 est
441 2083 552 2117 quam
576 2073 777 2114 (Homerus)
802 2072 945 2117 olyram
967 2075 1067 2107 vocat
1089 2099 1097 2106 .
1121 2073 1245 2107 eadem
1266 2072 1310 2107 ian
1333 2073 1489 2119 Aeyypto
1511 2072 1638 2118 facilia

6 2121 15 2163 Ξ
60 2127 270 2173 Ῑοήᾶὼφιε.
321 2130 392 2164 Has
416 2131 480 2173 qui
505 2130 802 2164 comminuebant
826 2133 862 2164 et
885 2139 997 2172 panes
1021 2139 1066 2164 ex
1090 2132 1143 2164 eis
1174 2131 1353 2165 iaciebant
1381 2132 1540 2175 opifices,
1573 2134 1638 2175 qui

8 2170 18 2197 Α·
60 2187 195 2219 nostris
219 2187 448 2220 molitoribus
478 2189 514 2219 et
536 2187 736 2229 pistoribus
760 2187 1038 2230 roepondebant,
1070 2186 1303 2232 ὀλυροκόπους
1335 2189 1535 2231 appellatos
1559 2198 1639 2222 esse

61 2252 108 2276 ex
131 2243 204 2275 hoc
226 2243 330 2276 titulo
352 2244 530 2277 videmus.
649 2246 666 2276 4
698 2245 928 2278 Sacerdotem
945 2245 1087 2287 collegii
1102 2246 1297 2288 pistorum,
1322 2247 1385 2288 qui
1403 2247 1512 2279 simul
1528 2247 1637 2279 etiam

63 2300 236 2342 magister
259 2300 320 2331 vel
344 2299 546 2341 praefectus
576 2301 654 2334 eius
684 2301 824 2343 collegii
854 2301 965 2334 fuisse
997 2302 1151 2345 videtur,
1185 2305 1283 2335 recte
1319 2304 1467 2344 agnovit
1496 2303 1638 2344 Strack;

63 2365 148 2390 uam
172 2356 275 2389 aliter
304 2365 378 2388 non
407 2356 505 2388 nudo
528 2358 673 2389 nomine
704 2356 810 2404 ἱερεύς
846 2360 1057 2391 contentum
1093 2359 1268 2401 futurum,
1302 2359 1366 2392 sed
1401 2362 1460 2392 τοῦ
1494 2355 1641 2404 Ἀνούβι-

22 2420 38 2446 2:
64 2411 122 2449 δος
152 2414 214 2446 aut
245 2413 351 2446 aliam
385 2412 645 2455 accuratiorem
676 2414 919 2447 definitionem
944 2416 1153 2448 additurum
1185 2416 1296 2449 fuisse
1320 2417 1416 2449 tituli
1441 2419 1639 2450 auctorem.

0 2478 2 2501 r
27 2467 41 2498 τὲ
64 2468 298 2503 Memorabile
321 2471 387 2511 est,
412 2470 480 2502 hos
506 2478 632 2502 omnes
656 2470 805 2512 opifices
829 2473 973 2505 natione
998 2474 1197 2516 Aegyptios
1221 2482 1311 2506 esse.

155 2671 245 2715 730
286 2676 407 2728 Lapis
452 2675 749 2727 subeaeruleus‚
795 2676 984 2716 inventus
1028 2678 1069 2740 in
1104 2678 1232 2716 insula
1266 2677 1434 2729 Siphno.
1500 2678 1644 2717 Exstat

71 2740 220 2780 ibidem
261 2743 303 2781 in
342 2755 494 2783 museo.
554 2744 617 2782 Ex
644 2744 687 2783 F.
718 2744 856 2783 Hilleri
884 2755 966 2783 von
995 2744 1259 2796 Gaertringen
1303 2744 1542 2797 apographo
1578 2746 1639 2784 ed.

75 2808 125 2847 Μ.
146 2809 190 2848 L.
213 2809 355 2851 Strack
390 2811 540 2852 Archiv
566 2812 632 2852 fiir
656 2811 1067 2864 Papyrusforschung
1091 2813 1125 2851 Π
1154 2825 1194 2865 p.
1218 2813 1300 2851 545
1332 2824 1370 2851 n.
1394 2813 1463 2864 23,
1500 2813 1644 2853 deinde

73 2876 162 2928 ipse
191 2877 311 2917 Hiller
339 2879 461 2919 Inscr.
485 2880 551 2920 Gr.
574 2881 706 2924 ins.‚V
734 2893 774 2933 p.
801 2881 879 2920 ⁴24
912 2893 951 2920 n.
977 2881 1070 2919 484.
