1858 3126
200 142 254 181 60
436 139 525 172 V111.
563 140 709 182 Imperii
733 139 884 172 Romani
910 139 1121 181 provinciae
1146 139 1348 172 orientales.
1401 142 1429 172 4.
1453 139 1548 174 Asia.
1658 141 1784 183 [458-

199 287 267 322 qno
291 276 365 312 loco
389 287 445 311 me
467 275 570 311 salva
593 275 664 320 leqe
693 274 861 310 Cornelia
893 275 1094 319 convenias,
1127 286 1187 320 eqo
1219 275 1263 310 in
1288 275 1523 320 provinciam
1552 275 1638 311 veni
1660 275 1784 321 pridie
1855 303 1858 307 <

198 333 384 369 Kalendas
402 333 571 376 Sextiles),
597 334 661 367 sed
685 334 795 367 etiam
820 334 865 367 ad
882 335 1048 367 civitates
1073 335 1315 376 provinciales
1339 343 1539 377 earumque
1555 334 1785 368 administra-

198 393 335 425 tionem
361 393 544 434 spectasse
570 400 745 433 apparere
775 400 820 423 ex
845 400 901 434 ep.
926 392 972 424 ad
996 392 1091 425 Fam.
1109 392 1165 434 111,
1185 394 1238 434 4ο,
1261 395 1297 424 6;
1331 391 1382 426 ad
1401 401 1460 426 me
1482 390 1587 426 adire
1608 390 1784 436 quosdam

197 448 356 483 memini
386 468 430 473 —
461 447 527 492 qui
556 447 713 482 dicerent
743 446 860 482 nimis
891 458 1043 493 magnos
1074 450 1241 492 sumptus
1273 447 1399 493 leyatis
1428 449 1489 491 (sc.
1520 459 1541 483 a
1573 449 1783 483 civitatibus
1853 443 1858 446 ’

197 506 419 549 provinciae)
452 503 598 540 decerni
621 530 628 538 .
655 504 785 549 quibus
814 515 874 550 eqo
904 515 980 539 non
1009 507 1086 540 tam
1115 504 1299 549 imperavi
1320 516 1432 549 qnam
1463 504 1591 540 censwi
1615 508 1784 550 sumptus

197 562 322 608 leyatis
346 573 458 607 quam
480 561 641 597 maxime
664 562 714 598 ad
736 562 845 608 legem
873 561 1081 597 Corneliam
1110 563 1354 597 decernendos.
1402 563 1456 597 Ad
1485 563 1636 598 eandem
1666 564 1783 606 legem

197 622 274 654 sine
304 621 415 654 dubio
447 622 613 663 spectare
637 620 879 662 fragmentum
905 620 1040 653 decreti
1065 621 1275 663 Thyatireni
1298 621 1414 654 Mitth.
1438 621 1502 654 des
1526 621 1625 654 arch.
1643 622 1728 654 Inst.
1747 621 1783 653 in

196 679 311 711 Athen
336 678 450 711 XXIV
477 681 564 711 4899
590 686 625 720 p.
645 680 707 710 234
735 687 769 711 n.
789 680 843 721 74,
863 681 900 711 5:
930 689 1061 711 ----ωι
1085 677 1244 723 γράψασα
1266 677 1356 712 κατὰ
1378 677 1435 712 τὸν
1460 674 1653 724 Κορνήλιον
1675 677 1782 721 νόμον

196 734 356 779 διάταξιν,
388 735 452 768 ubi
483 736 514 768 si
547 734 751 767 subiectum
785 735 970 778 participii
999 733 1021 779 ἡ
1050 733 1157 780 βουλή
1196 737 1302 778 esset,
1335 737 1377 768 ut
1408 736 1555 778 quidem
1586 735 1782 778 videretur,

196 793 280 826 inde
311 793 433 835 colligi
469 793 506 825 in
538 792 599 825 illa
633 792 711 834 lege
743 793 942 834 generatim
975 791 1164 825 definitum
1195 793 1306 826 fuisse
1339 802 1433 835 quae
1463 794 1543 826 iura
1573 793 1783 826 autonomia

195 851 400 884 ciVItatium
441 851 712 883 continerentur
751 850 959 892 quibusque
999 850 1164 883 terminis
1200 859 1243 883 ea
1277 850 1650 884 circumscriberetur.
1703 849 1782 889 Quo

196 909 317 941 minus
343 907 548 940 mitandum
566 915 657 949 esse,
683 907 783 949 quod
799 908 908 940 etiam
927 907 971 940 de
988 908 1267 949 magistratuum
1286 909 1480 950 creatione,
1505 908 1780 950 renuntiatione,

195 966 348 998 introitu
377 966 476 998 certa
506 966 700 1007 praecepta
737 965 811 997 illic
842 965 1005 998 fuissent.
1053 965 1151 1003 Quae
1188 965 1248 998 hic
1279 966 1493 1008 neutiquam
1526 965 1703 1008 abrogari,
1739 974 1782 998 ac

195 1023 318 1054 tamen
342 1022 379 1054 in
403 1022 618 1055 universum
642 1022 874 1054 intervallum
900 1022 1162 1063 quinquaginta
1187 1022 1328 1055 dierum
1361 1023 1398 1055 in
1423 1024 1613 1064 posterum
1639 1023 1781 1064 sanciri,

195 1087 282 1111 sane
307 1087 475 1120 magnam
501 1078 750 1112 difficultatem
776 1078 895 1120 habet,
921 1088 1031 1120 quam
1056 1078 1226 1121 expedire
1252 1088 1325 1112 non
1349 1088 1561 1122 possumus,
1587 1080 1672 1122 quia
1694 1079 1781 1122 quid

196 1136 239 1168 de
265 1136 336 1168 hoc
361 1138 575 1177 argumento
600 1137 636 1168 in
660 1136 737 1177 lege
762 1137 941 1178 scriptum
967 1135 1074 1168 fuerit
1100 1137 1248 1168 omnino
1274 1137 1496 1178 ignoramus.

283 1340 375 1383 459
419 1344 540 1395 Lapis
577 1344 742 1382 mutilus
776 1343 955 1394 undique
996 1347 1158 1395 praeter
1192 1344 1299 1382 latus
1335 1343 1555 1394 sinistrum,
1593 1343 1780 1384 inventus

196 1412 235 1450 in
267 1412 398 1451 insula
427 1408 604 1451 Menent
632 1412 744 1451 lacus
775 1411 931 1450 Latmii.
995 1412 1065 1450 Ed.
1100 1411 1145 1450 G.
1170 1411 1318 1451 Cousin
1347 1412 1446 1451 Bull.
1470 1411 1520 1451 de
1546 1423 1650 1451 corr.
1678 1412 1776 1452 Heli.

195 1481 305 1520 XXII
335 1477 476 1533 (1898)
506 1492 546 1532 p.
571 1480 653 1518 368
685 1492 723 1519 n.
749 1481 785 1518 6.
840 1478 896 1519 Cf.
922 1491 1025 1531 quae
1046 1480 1257 1519 adnotavit
1277 1480 1320 1518 Β.
1343 1480 1621 1520 Haussoullier
1643 1481 1780 1520 Revue

196 1549 246 1588 de
276 1548 413 1601 philol.
447 1548 573 1587 XXIII
605 1547 744 1599 (4899)
775 1561 815 1600 p.
842 1548 921 1588 ⁴62
954 1550 1035 1587 not.
1063 1548 1098 1587 l.
1136 1561 1176 1600 p.
1200 1549 1283 1588 288
1315 1561 1353 1588 n.
1380 1549 1444 1588 Η.

1390 1670 1504 1694 annus

587 1716 825 1773 Μενέδημος
849 1716 968 1758 Ἀπο1
972 1742 1118 1748 ------
1437 1721 1451 1759 1

581 1782 793 1841 Ἀθήναιος
817 1783 1035 1842 Ἀθηναίου
1434 1789 1458 1828 2

582 1851 783 1910 Ἀριστέας
816 1854 1074 1912 Ματρεί[ὃου]
1434 1858 1458 1896 3

587 1924 785 1971 Φίλιππος
817 1924 1028 1966 Διονυσίου
1434 1926 1456 1965 4

540 2004 558 2034 5
575 1989 820 2048 Ἑρμαίσκος
851 1991 1099 2049 Εἰρηναίο[υ]
1433 1996 1456 2034 5

579 2058 809 2117 Ἰατροκλῆς
836 2059 1103 2104 Ἀπολλωνίου
1136 2060 1209 2103 Κ..

1021 2131 1133 2177 ziam
1434 2134 1458 2171 6

283 2269 438 2300 Litterae
475 2267 640 2308 volgares
677 2269 820 2309 praeter
859 2269 1002 2300 ΖΘΠΣ.
1121 2272 1134 2300 4
1171 2269 1222 2301 De
1254 2270 1383 2302 natura
1413 2269 1521 2301 huius
1551 2268 1659 2312 tituli,
1690 2277 1775 2301 cum

191 2326 333 2368 primus
369 2325 487 2357 editor
521 2333 604 2356 eum
642 2325 718 2357 sine
751 2325 823 2357 ulla
862 2325 1158 2367 interpretatione
1192 2326 1416 2368 expressisse
1452 2326 1540 2359 satis
1575 2326 1775 2370 habuisset,

191 2382 483 2415 Haussoullierus
507 2382 613 2415 solito
639 2382 806 2414 acumine
824 2391 952 2415 verum
971 2383 1072 2416 vidit.
1113 2383 1205 2416 Nam
1231 2393 1275 2416 ex
1300 2393 1334 2416 v.
1353 2386 1383 2415 9.
1405 2386 1457 2416 ⁴2.
1476 2386 1531 2416 20.
1550 2386 1586 2416 24
1618 2385 1774 2427 collegit,

190 2440 347 2472 iudicem
378 2439 658 2480 magistratuum
689 2448 894 2472 annuorum
923 2440 982 2472 hic
1013 2440 1150 2483 haberI‚
1181 2449 1300 2483 neque
1331 2449 1416 2473 eum
1449 2440 1539 2483 fugit
1570 2442 1774 2476 necessario

191 2497 513 2539 stephanephoros,
544 2505 768 2538 eponymum
794 2497 1087 2530 Heracleotarum
1113 2497 1159 2530 ad
1179 2498 1347 2531 Latmum
1372 2498 1637 2540 magistratum,
1666 2507 1775 2540 agno-

191 2554 347 2588 scendos
383 2562 481 2595 esse;
518 2563 602 2586 nam
635 2562 745 2595 quem
778 2554 847 2586 nisi
878 2563 1065 2587 summum
1096 2555 1274 2587 honorem
1303 2555 1431 2587 civitas
1460 2554 1594 2587 audere
1629 2557 1774 2598 poterat

191 2612 405 2655 imperatori
429 2612 512 2652 (not.
533 2611 563 2652 3)
588 2612 622 2643 et
648 2611 726 2643 eius
750 2611 823 2644 filio
850 2611 932 2652 (not.
954 2612 983 2652 4)
1009 2610 1205 2645 mandare?
1245 2611 1287 2644 Ut
1311 2613 1347 2644 in
1364 2612 1443 2644 aliis
1461 2612 1590 2645 vicinis
1605 2612 1772 2655 urbibus,

191 2670 244 2702 sic
277 2668 467 2702 Heracleae
499 2676 646 2710 quoque
676 2676 861 2700 summum
902 2670 1154 2710 magistratum
1191 2667 1446 2714 στεφανηφόρον
1484 2671 1656 2703 vocatum
1692 2678 1772 2705 esse

192 2727 322 2760 docent
344 2725 441 2759 tltuli
458 2725 546 2758 Bull.
565 2724 609 2757 de
634 2734 726 2758 corr.
754 2725 840 2757 I-Iell.
857 2725 955 2757 XXII
982 2729 1069 2758 4898
1095 2734 1129 2767 p.
1150 2728 1214 2758 365
1241 2735 1274 2758 n.
1292 2728 1324 2767 4,
1345 2728 1362 2757 3
1390 2725 1772 2771 στεφανηφορήσαν[τα].

191 2793 225 2826 p.
243 2786 306 2815 373
332 2793 366 2816 n.
382 2784 467 2824 42,4
500 2780 554 2815 ἐπὶ
579 2780 846 2827 στεφανηφόρον).
892 2782 1053 2814 Similem
1079 2782 1294 2814 laterculum
1319 2781 1559 2816 Halicarnassi
1582 2783 1771 2816 inventum

191 2841 304 2873 edidit
319 2841 357 2873 G.
376 2840 509 2872 Cousin
525 2838 614 2871 Bull.
633 2838 677 2871 de
692 2847 786 2871 corr.
805 2838 892 2871 Hell.
909 2838 990 2870 XIV
1009 2841 1095 2871 4890
1122 2847 1155 2880 p.
1172 2841 1213 2871 99
1240 2848 1273 2871 n.
1288 2842 1307 2871 5
1333 2841 1369 2871 et
1385 2841 1490 2872 acute
1508 2841 1702 2883 perspexit,
1720 2840 1772 2873 ibi

191 2906 338 2940 quoque
364 2896 675 2939 stephanephoros
700 2896 1047 2929 Halicarnassiorum
1072 2896 1262 2928 recenseri.
1311 2896 1361 2927 De
1386 2897 1502 2929 aetate
1526 2897 1569 2930 cf.
1594 2899 1667 2931 not.
1685 2899 1717 2930 4.
