1858 3126
215 152 299 193 698

260 287 314 321 διὰ
338 287 513 333 προγόνων
537 288 680 330 405,10.
706 286 826 329 441,3.
850 287 970 330 460,4.

257 345 377 388 467,5.
404 345 524 387 556,1.
563 343 603 377 ἐκ
627 343 802 389 προγόνων
828 343 969 387 504,14.

260 402 336 444 531,
357 409 386 435 4.
428 400 604 448 προγόνων
634 399 971 448 γεγυμνασιαρχηκό-

257 471 325 492 των
351 459 429 501 713,
450 465 502 493 10.
541 457 585 491 τὰ
608 456 811 504 ψαφίσματα
830 457 873 491 τὰ
888 457 971 503 πρό-

257 527 353 561 τερον
389 515 561 562 γράφεντα
590 513 656 548 ὐπὸ
691 519 758 548 τῶν
794 513 969 560 προγόνων

258 573 290 616 8,
313 579 374 606 150

210 628 448 675 προγραμμός·
502 627 700 675 προγράψας
747 628 969 675 προγραμμὸν

256 686 354 720 τόνδε
379 686 458 729 441,
480 692 542 719 130

210 742 392 790 προγραφή
419 742 497 785 515,
518 748 570 775 38.
590 748 643 775 39.
669 742 747 785 665,
767 749 808 776 46

210 799 416 846 προγράφω·
453 798 657 846 προγράφειν
683 798 741 833 ἵνα
772 798 892 843 μηδεὶς
922 799 971 844 τῷ

254 856 400 902 τοιούτῳ
420 855 600 903 συμβάλλῃ
618 855 762 899 669,22.
799 855 876 900 περὶ
892 853 969 889 τού-

255 926 322 948 των
354 912 546 959 ἀναγκαίως
578 911 778 958 προέγραψα
811 912 888 955 669,
916 919 968 945 19.

255 970 454 1016 προέγραψα
488 969 680 1016 ἀναγκαίως
713 968 790 1014 περὶ
825 968 969 1002 ἑκάστου

254 1032 321 1061 τῶν
347 1025 625 1072 ἐπιζητουμένων
651 1026 729 1069 669,
749 1033 778 1059 8.
823 1024 970 1072 προγρά-

255 1085 321 1131 ψας
334 1084 558 1130 προγραμμὸν
576 1082 674 1117 τόνδε
690 1083 857 1126 441,130.
893 1081 971 1127 περὶ

255 1140 294 1175 οὗ
320 1140 509 1187 προγράψω
536 1140 614 1183 669,
634 1146 687 1173 44.
735 1137 969 1184 ἐφιλοτιμήθη

255 1201 492 1244 προγραφῆναι
531 1197 609 1242 περὶ
644 1195 772 1230 τούτων
809 1195 970 1242 ψήφισμα

256 1255 334 1298 764,
361 1261 412 1288 46.
469 1253 491 1299 ἢ
522 1253 738 1288 ὑποκείσεται
766 1254 819 1298 τῷ
846 1265 969 1299 προγε-

253 1312 439 1358 γραμμένῳ
464 1310 657 1358 προστείμῳ
684 1310 761 1354 572,
782 1317 835 1343 47.
884 1310 969 1354 μετὰ

253 1374 321 1402 τῶν
346 1368 656 1414 προγεγραμμένων
682 1367 760 1410 684,
780 1373 798 1400 2

208 1425 435 1471 προδανείζω·
497 1424 569 1458 ὅσοι
618 1422 657 1457 ἂν
704 1423 967 1471 προδανείσωσιν

255 1482 362 1516 α”τοκα
386 1483 441 1525 46,
457 1490 486 1515 5.
503 1489 534 1515 6.
577 1481 609 1515 οἱ
627 1480 903 1527 προδανείσαντες
921 1480 968 1520 εἰς

252 1539 316 1583 τὴν
342 1539 443 1572 στοάν
470 1539 525 1581 46,
545 1545 562 1572 3

207 1595 469 1643 προδανειστής’
507 1594 600 1632 ὅπως
636 1591 663 1627 δ’
687 1593 726 1628 ἂν
758 1594 968 1640 κομίσωνται
1038 1593 1234 1640 προθεσμία
1257 1594 1335 1638 335,
1355 1601 1408 1630 81.
1435 1595 1513 1639 509,
1532 1600 1571 1628 21

255 1652 287 1687 οἱ
311 1651 548 1697 προδανεισταί
571 1653 625 1695 46,
647 1659 664 1685 9
844 1695 847 1699 ¹

207 1709 395 1756 πρόδηλος·
421 1708 518 1755 ἄρσιν
535 1707 707 1755 πρόδηλον
725 1709 801 1752 315,
815 1716 867 1743 60.
906 1722 967 1743 κα-

254 1766 365 1814 θάπερ
377 1766 436 1800 καὶ
448 1770 529 1800 πᾶσι
541 1765 714 1811 πρόδηλόν
729 1765 816 1800 ἐστιν
831 1766 966 1810 737,12.

255 1824 336 1871 ὅπερ
361 1823 518 1858 πλεῖστον
550 1822 628 1857 ὅσον
656 1822 835 1869 συμφέρειν
867 1826 966 1857 πᾶσιν

253 1885 325 1919 τοῖς
357 1880 530 1926 ὑμετέροις
568 1879 762 1925 ἀνθρώποις
792 1879 966 1926 πρόδηλόν

255 1938 341 1972 ἐστιν
367 1938 445 1981 569,
465 1943 518 1971 25.
565 1937 672 1971 ταῦτά
704 1949 769 1981 μου
792 1936 835 1971 τὰ
859 1937 967 1983 γράμ-

254 2006 344 2039 ματα
368 1993 402 2027 ἐν
433 1993 598 2039 προδήλῳ
628 1997 690 2038 τῆς
721 1993 966 2040 μητροκωμίας

252 2050 347 2094 ὑμῶν
373 2050 490 2096 χωρίῳ
516 2049 663 2095 πρόθετε
690 2051 767 2093 609,
787 2056 827 2084 32

206 2107 412 2153 προδίδωμι·
455 2106 535 2141 οὐδὲ
571 2106 739 2151 προδώσω
776 2105 964 2153 ὑπεναντίῳ

253 2163 368 2199 οὐθενί
393 2164 471 2207 266,
493 2170 531 2196 61
928 2199 932 2202 ‚

205 2220 363 2266 προδικία
387 2221 442 2264 66,
457 2227 487 2254 3.
514 2220 666 2263 150,”14.Δ
683 2220 761 2263 241,
777 2226 829 2254 2ο.
856 2221 962 2264 305,6

204 2277 368 2325 προεδρία
392 2278 491 2321 66,3.
509 2277 652 2320 233,91.
671 2276 813 2319 270,11.
839 2279 918 2320 305,
933 2286 962 2312 6.

251 2336 329 2378 323,
349 2342 378 2368 8.
421 2334 509 2368 εἶναι
535 2333 572 2367 δὲ
589 2332 694 2367 αὐτῶι
710 2333 768 2367 καὶ
783 2333 962 2379 προεδρίαν

252 2391 286 2424 ἐν
309 2395 383 2428 τοῖς
400 2390 506 2436 ἀγῶσι
531 2391 563 2434 9,
576 2398 606 2425 4.
632 2391 687 2434 49,
706 2398 756 2424 13.
774 2398 825 2425 14.
858 2392 963 2424 Simi-

249 2450 330 2481 liter
355 2448 433 2490 215,
446 2454 476 2481 2.
517 2446 697 2492 προεδρίαν
716 2447 751 2481 ἐν
768 2450 848 2481 πᾶσι
871 2448 972 2490 (πάν-“

249 2506 328 2547 τοις)
361 2507 434 2541 τοῖς
467 2503 574 2549 ἀγῶσι
601 2503 767 2549 (ἀγῶνοις)
793 2503 845 2542 οἷς
869 2503 892 2549 ἡ
919 2503 962 2547 (ἆ)

248 2559 346 2599 πόλις
361 2559 476 2605 τίθησι
498 2559 631 2605 (τίθητι)
656 2560 711 2604 81,
732 2566 783 2595 19.
812 2561 888 2604 150,
910 2568 961 2595 14.

249 2618 328 2662 241,
348 2624 402 2652 20.
437 2616 515 2661 730,
535 2623 588 2651 24.
634 2615 809 2662 καλήσθαι
840 2617 876 2651 δὲ
904 2617 963 2651 καὶ

250 2674 298 2713 εἰς
334 2673 514 2720 προεδρίαν
550 2675 584 2718 4,
605 2681 658 2708 35.
709 2672 892 2708 καλεῖσθαι
925 2673 962 2708 δὲ

250 2731 350 2766 αὐτὸν
384 2730 433 2769 εἰς
463 2730 645 2776 προεδρίαν
678 2731 756 2775 339,
782 2738 858 2765 101.
913 2730 961 2769 εἰς

248 2788 426 2836 προεδρίαν
489 2786 719 2834 κηρύσσεσθαι
782 2786 962 2831 ὀνομαστεί

247 2847 325 2889 218,
345 2853 397 2880 26.
455 2844 617 2891 προεδρίᾳ
648 2842 791 2891 Μάγνου
821 2841 959 2878 Βάσσου

248 2904 327 2945 614,
346 2911 375 2937 6.
402 2902 480 2945 615,
502 2910 530 2936 5.
571 2901 748 2947 προεδρίαι
774 2902 851 2945 567,
872 2907 912 2934 15

931 149 1082 183 Indices.

1043 285 1220 333 πρόεδρος·
1247 284 1282 319 ἐν
1299 284 1461 332 Γεράσοις
1486 286 1563 331 621,
1581 293 1616 322 4.
1653 286 1688 321 έν
1706 285 1799 322 Παλ-

1090 342 1180 390 μόρᾳ
1219 343 1298 386 629,
1328 350 1358 377 4.
1420 342 1455 376 ἐν
1495 341 1596 391 Τύρῳ
1637 343 1714 387 595,
1745 351 1798 378 21.

1088 399 1263 447 πρόεδροι·
1290 399 1324 433 ἐν
1337 395 1511 445 Ἀθήναις·
1533 400 1612 439 τοὺς
1628 399 1798 448 λαχόντας

1087 456 1273 503 προέδρους
1291 456 1339 495 εἰς
1354 457 1417 503 τὴν
1437 455 1596 491 ἐπιοῦσαν
1615 456 1797 503 ἐκκλησίαν
1853 500 1855 502 q

1087 514 1298 562 χρηματίσαι
1327 513 1405 560 περὶ
1426 513 1566 558 τούτων,
1594 515 1735 561 γνώμην
1760 514 1799 548 δὲ
1854 533 1858 554 2

1087 569 1344 616 ξυμβάλλεσθαι
1365 574 1429 616 τῆς
1453 569 1581 616 βουλης
1601 571 1648 609 εἰς
1662 571 1719 606 τὸν
1738 570 1800 617 δῆ·
1853 589 1858 609 2

1089 639 1152 672 μον
1179 629 1298 672 117‚9.
1326 628 1466 671 11s,11.
1492 627 1635 672 248,28.
1654 629 1798 672 771‚2o.
1852 614 1858 675 ξ

1087 684 1122 719 ἐν
1139 677 1218 730 Ἴῳ·
1243 684 1401 732 πρόεδροι
1425 682 1637 731 ἐπεψήφισαν
1663 685 1771 729 773,1
1851 713 1858 742 3

1041 742 1309 788 προεργάζομαι·
1347 741 1439 780 ὅπως
1468 742 1508 776 τὸ
1540 741 1685 788 ὀψώνιον
1709 741 1800 787 λαμ·
1851 743 1858 764 ’“’

1089 798 1214 843 βάνωσι
1250 802 1310 832 τοῦ
1346 797 1633 846 προειργασμένου
1673 798 1799 846 χρόνου
1844 820 1849 824 ⁵

1086 856 1165 899 266,
1185 863 1202 890 8
1852 863 1858 891 2

1040 911 1271 959 προέρχομαι·
1309 910 1399 958 ἀγὼν
1435 911 1497 957 μὲν
1534 911 1576 957 δὴ
1609 911 1627 945 ὁ
1659 912 1699 946 ἐκ
1729 916 1797 946 τῶν
1841 893 1858 974 Ξ

1086 966 1239 1013 Φλαβίου
1270 966 1474 1015 Λυσιμάχου
1506 968 1683 1014 διαθηκῶν
1714 979 1802 1013 προ·
1840 990 1849 1017 j

1087 1024 1254 1069 ελήλυθεν
1279 1023 1328 1062 εἰς
1346 1023 1489 1072 ἀρχαίου
1507 1025 1615 1071 πόρου
1633 1025 1800 1073 μυριάδας
1844 1041 1848 1045 ’

1087 1081 1220 1116 δώδεκα
1245 1081 1323 1124 509,
1344 1088 1383 1115 13
1842 1090 1846 1094 “

1040 1139 1233 1185 προήγορος
1266 1141 1328 1172 τοῦ
1365 1137 1485 1177 ἔθνους
1521 1141 1593 1183 (τοῦ
1627 1137 1796 1181 Βιθυνῶν)
1840 1135 1843 1153 ³

1087 1195 1165 1239 528,
1185 1202 1214 1229 3.
1263 1195 1456 1242 προήγορον
1479 1200 1543 1242 τῆς
1566 1195 1726 1242 πατρίδος
1751 1196 1800 1230 δι·
1840 1218 1845 1226 ς

1085 1256 1193 1298 ηνεκῆ
1220 1253 1297 1296 567,
1317 1259 1356 1287 12
1780 1290 1793 1297 ,
1831 1294 1834 1295 ⁷

1039 1309 1215 1357 πρόθεσις·
1247 1309 1453 1356 πειράσομαι
1475 1310 1535 1345 καὶ
1556 1313 1615 1345 νῦν
1643 1315 1707 1358 τῆς
1729 1322 1800 1345 τοι·
1828 1331 1836 1345 τ

1086 1366 1192 1412 αὐτης
1240 1365 1435 1414 προθέσεως
1483 1366 1547 1401 οὐκ
1592 1366 1798 1413 ἀφίστασθαι
1827 1370 1832 1401 'z

1087 1424 1164 1467 763,
1184 1431 1237 1457 45.
1287 1422 1381 1462 ὅπως
1416 1426 1515 1458 πᾶσιν
1552 1423 1682 1470 φανερὰ
1713 1419 1738 1471 ᾗ
1771 1423 1797 1470 ἡ
1828 1424 1846 1457 s

1085 1479 1244 1526 πρόθεσις
1268 1480 1311 1526 ἢν
1337 1480 1411 1528 ἔχει
1435 1479 1520 1525 ὑπὲρ
1543 1485 1621 1526 τῶμ
1644 1481 1796 1515 πολιτῶν
1832 1475 1835 1477 ⁴

1086 1538 1163 1581 765,
1182 1545 1237 1571 44.
1281 1537 1458 1583 προθέσεις
1484 1538 1539 1582 90,
1557 1545 1599 1572 49
1830 1538 1834 1540 ”

1037 1651 1265 1697 προῖερᾶσθαι
1288 1652 1367 1695 331,
1387 1659 1427 1687 14

1038 1707 1198 1753 προῖημι·
1221 1708 1265 1743 τὰ
1289 1707 1326 1742 δὲ
1351 1708 1497 1753 ἐσόμενα
1520 1707 1728 1755 ἀναλώματα
1750 1727 1795 1735 -

1083 1763 1249 1811 προέσθαι
1256 1765 1313 1799 τὸν
1322 1769 1384 1810 τῆς
1395 1765 1529 1804 πόλεως
1539 1764 1662 1811 ταμίαν
1671 1765 1794 1810 268,20
1838 1772 1841 1774 “

1085 1822 1138 1864 (cf.
1164 1823 1195 1855 lI
1219 1823 1392 1856 Addenda
1415 1832 1451 1866 p.
1469 1823 1546 1865 550)

1037 1877 1151 1924 προίξ·
1181 1878 1242 1917 τὰς
1268 1879 1329 1923 μὲν
1353 1878 1417 1926 γὰρ
1447 1883 1592 1926 προῖκας
1615 1878 1796 1924 ἀλλοτρίας
1838 1916 1842 1923 ,

1085 1934 1186 1973 οὔσας
1209 1935 1269 1969 καὶ
1293 1935 1332 1970 οὐ
1355 1941 1424 1970 τῶν
1449 1935 1640 1983 εἰληφότων
1662 1934 1794 1981 ἀνδρῶν

1083 1992 1101 2026 ὁ
1131 1991 1209 2029 θεὸς
1239 1990 1408 2038 Σεβαστὸς
1439 1992 1615 2027 ἐκέλευσεν
1643 2011 1691 2017 -—
1718 1995 1795 2030 ταῖς
1828 1998 1842 2038 'v

1080 2047 1226 2093 γυναιξὶν
1272 2047 1496 2084 ἀποδίδοσθαι
1543 2049 1622 2093 669,
1652 2055 1706 2084 25.
1746 2067 1795 2074 —-

1081 2108 1207 2149 προῖκα
1230 2104 1457 2141 adverbiwm:
1482 2109 1609 2153 προῖκα
1632 2105 1793 2152 πρεσβεύ-

1082 2171 1185 2195 σαντα
1226 2162 1303 2205 516,
1335 2170 1387 2198 11.

1079 2221 1208 2262 προῖκα
1233 2219 1310 2262 582,
1331 2225 1348 2252 2
1842 2245 1847 2258 ,

1034 2274 1235 2319 προΐστημι·
1283 2276 1432 2322 προέστη
1471 2281 1539 2311 τῶν
1579 2272 1654 2311 καθ’
1690 2274 1792 2310 αὑτὸν

1080 2330 1183 2372 ἀξίως
1206 2336 1268 2378 τῆς
1293 2331 1425 2371 πόλεως
1455 2333 1533 2376 728,
1553 2339 1582 2367 4.
1627 2318 1847 2380 προστάν-(ζ

1078 2400 1133 2426 τες
1149 2388 1386 2434 κηδεμονικῶς
1402 2394 1470 2424 τῶν
1485 2401 1523 2423 τε
1545 2391 1580 2424 ἐν
1595 2391 1669 2427 τοῖς
1687 2388 1811 2434 ἱεροῖςξι

1078 2444 1153 2479 κτλ.
1180 2446 1234 2489 56,
1255 2453 1307 2480 16.
1328 2454 1380 2480 17.
1418 2446 1565 2491 προστὰς
1581 2444 1717 2485 ἐνδόξου
1732 2440 1835 2482 καῖ’.

1078 2502 1190 2548 καλῆς
1223 2502 1386 2549 αἱρέσεως
1416 2503 1494 2547 219,
1522 2510 1552 2537 3.
1599 2501 1790 2549 προστάντα
1802 2522 1808 2538 v1

1078 2563 1140 2605 τῆς
1182 2558 1372 2598 δωσιδικίας
1414 2558 1498 2598 ἴσως
1545 2559 1604 2594 καὶ
1650 2556 1803 2597 δικαίως

1079 2618 1221 2659 556,15.
1257 2617 1339 2654 τοὺς
1355 2616 1605 2663 προεστηκότας
1622 2615 1690 2650 ἀπὸ
1705 2627 1788 2650 παν-
1800 2616 1810 2651 ’.
1836 2603 1846 2613 ”

1077 2673 1134 2710 τὸς
1157 2676 1217 2707 τοῦ
1243 2672 1415 2718 βελτίστου
1440 2673 1519 2716 735,
1540 2679 1579 2706 19
1807 2687 1810 2688 ’

1032 2728 1303 2776 προκαθέζομαν
1329 2726 1500 2772 Κιλικίας,
1519 2726 1694 2776 Ἰσαυρίας,
1717 2727 1801 2764 Λυ·’

1076 2786 1217 2824 καονίας
1284 2784 1567 2831 προκαθεζομένη
1635 2779 1803 2832 (Ταρσός)>

1078 2844 1215 2886 578,10
1809 2846 1836 2890 Α·

1030 2899 1253 2945 προκείμενος
1291 2900 1325 2941 (i.
1350 2909 1384 2942 q.
1408 2898 1668 2946 προειρημένος,
1703 2909 1816 2944 προ-ς

1451 2163 1792 2211 γυμνασιαρχήσαντα
1822 2169 1842 2190 f
