1858 3126
244 133 327 176 532
883 128 943 162 IX.
979 127 1180 171 Appendix.
1743 128 1818 171 [774

288 280 331 313 25
358 270 492 324 νόμον,
523 265 593 308 καὶ
624 265 799 308 ἀνειπεῖν
835 263 902 307 τὸν
939 264 1145 321 στέφαξξνον
1181 266 1318 306 τοῦτον
1350 263 1567 307 Διονυσίων
1603 280 1647 306 τε
1675 266 1752 307 τῶν
1785 266 1826 307 ἐν

363 336 477 379 ἄστει
500 336 734 392 τραγωιδῶν
755 335 829 375 τῶι
847 335 992 376 καινῶι
1014 333 1140 389 ἀγῶνι
1163 332 1167 388 Ι
1190 332 1259 375 καὶ
1281 332 1581 388 Παναθηναίων
1606 331 1675 374 καὶ
1690 330 1829 375 Ἐλευ-

361 405 494 448 σινίων
512 402 581 446 καὶ
603 402 866 458 Πτολεμαίων
882 403 963 450 τοῖς
983 403 1187 458 γυμνικοῖς
1207 402 1212 458 l
1231 403 1379 459 ἀγῶσιν
1390 404 1436 444 1¹.
1459 401 1545 444 ἐπεὶ
1562 400 1607 444 δὲ
1622 401 1692 443 καὶ
1707 418 1828 458 προσ-

358 475 552 530 ήγγελται
580 473 651 529 τὴν
684 472 919 528 βασίλισσαν
955 470 1092 514 Νῦσαν
1105 473 1152 526 1²,
1187 469 1399 527 βασιλέξως
1424 468 1673 527 Ἀντιόχου13
1703 470 1829 526 θυγα-

360 543 475 599 τέρα,
507 542 798 596 συνωικηκέναι
828 543 902 582 τῶι
925 541 1083 596 βασιλεῖ
1105 538 1328 596 Φαρνάκει,
1359 539 1541 595 καθῆκον
1563 535 1673 594 (δ’)14
1694 539 1700 594 Ι
1723 536 1827 580 ἐστὶν

246 673 283 702 44
321 670 388 702 Per
412 669 557 701 easdem
583 668 688 700 ferias
713 667 804 700 tales
827 667 982 699 honores
999 666 1224 709 pronuntiari
1241 666 1414 699 iubentur
1438 664 1755 708 C.1.Att.11,.444‚
1775 666 1829 697 32.

248 729 325 769 446,
341 729 395 759 29.
422 728 546 767 464‚2.
573 727 649 766 465,
666 727 718 757 54.
746 722 940 766 467(Sy11.2
953 724 1041 766 524),
1058 726 1110 756 48.
1129 726 1172 755 99
1198 725 1234 755 et
1251 722 1346 755 alibi.
1378 722 1579 756 Duri-bach.
1690 724 1732 754 ⁴2
1764 721 1830 754 Re-

246 785 349 825 ginae
381 791 514 816 nomen
537 785 574 814 et
599 782 775 823 originem
800 782 860 813 hic
891 781 1039 814 demum
1072 781 1200 813 titulus
1231 780 1411 822 patefecit.
1451 779 1619 813 Antiochi
1643 779 1690 812 111
1714 779 1831 820 Magni

247 842 310 874 aut
341 840 413 873 filia
443 839 510 872 fuit
542 840 604 872 aut
635 839 754 881 neptis
780 838 833 880 (cf.
860 840 935 871 not.
954 839 1020 879 23).
1062 838 1304 880 cognomines
1336 846 1422 870 sane
1451 837 1623 870 mulieres
1653 837 1690 869 in
1722 836 1830 877 regiis

245 898 351 931 Asiae
367 898 518 930 minoris
536 896 678 929 familiis
696 896 903 938 complures
922 895 1035 928 fuisse
1052 897 1176 928 monet
1190 895 1391 937 Diirrbach,
1416 903 1568 927 uxorem
1585 893 1784 926 Ariarathis
1799 891 1831 925 V

247 954 483 997 Cappadocis,
499 953 609 986 filiam
627 953 851 986 successoris
866 953 962 985 illius
981 953 1178 985 Ariarathis
1194 952 1252 994 VI,
1270 960 1364 994 quae
1379 952 1564 994 nupsisset
1578 950 1767 985 Nicomedi
1785 949 1832 982 IV

247 1012 470 1053 Philopatori
495 1011 663 1052 Bithyno,
688 1011 774 1042 item
801 1011 910 1042 huius
935 1010 1029 1051 regis
1055 1010 1172 1051 matri,
1196 1008 1405 1042 Nicomedis
1421 1009 1468 1041 111
1491 1009 1689 1050 Euergetae
1712 1007 1832 1041 uxori.

246 1070 410 1110 Denique
434 1068 653 1100 nobilissimi
677 1067 774 1100 illius
797 1068 892 1108 regis
909 1067 1124 1100 Mithridatis
1141 1066 1334 1108 Eupatoris
1359 1067 1396 1099 et
1418 1066 1535 1099 sorori
1559 1066 1596 1098 et
1617 1065 1711 1098 filiae
1734 1064 1831 1097 idem

248 1134 381 1158 nomen
411 1125 522 1158 fuisse
553 1124 742 1165 (Plutarch.
766 1124 901 1156 Lucull.
923 1126 975 1156 48.
1013 1123 1163 1166 Appian.
1187 1123 1344 1156 Mithrid.
1363 1123 1453 1165 444),
1486 1123 1547 1155 hie
1574 1122 1722 1165 quidem
1755 1122 1833 1154 sine

250 1182 361 1215 dubio
387 1182 584 1224 repetitum
609 1181 655 1214 ab
681 1182 771 1223 avia,
810 1190 920 1223 quam
957 1190 1000 1213 ex
1037 1182 1109 1214 hoc
1141 1181 1361 1223 populiscito
1398 1180 1547 1214 demum
1583 1179 1831 1221 cognovimus.

249 1241 417 1273 Ceterum
444 1239 652 1272 affinitatem
678 1239 772 1271 inter
796 1238 1001 1271 Seleucides
1026 1240 1062 1270 et
1086 1239 1188 1270 Ponti
1214 1246 1316 1279 reges
1345 1238 1417 1271 iam
1449 1237 1690 1280 antiquiorem
1721 1236 1834 1269 fuisse

248 1297 442 1330 Pharnacis
459 1297 474 1328 I
491 1305 612 1338 regno,
637 1297 742 1328 euius
760 1296 877 1337 ipsius
894 1296 1015 1338 amita,
1040 1295 1257 1328 Mithridatis
1273 1296 1303 1327 II
1325 1304 1440 1337 soror,
1463 1294 1631 1327 Antiochi
1646 1294 1692 1327 111
1715 1293 1834 1335 Magni

251 1354 384 1386 coniux
408 1354 536 1386 fuisset
561 1353 697 1395 (Polyb.
714 1353 755 1394 V,
775 1355 828 1395 43,
850 1353 890 1393 4).
1010 1355 1050 1384 43
1081 1352 1282 1385 Antiochus
1299 1353 1346 1384 ΙΙΙ
1370 1353 1520 1394 Magnus
1535 1352 1709 1394 quattuor
1723 1349 1835 1383 habe-

249 1411 312 1443 bat
336 1411 442 1452 filias3
468 1419 512 1443 ex
537 1410 671 1452 quibus
697 1419 781 1443 cum
806 1411 918 1442 trium
935 1411 1082 1443 nomina
1101 1412 1137 1443 et
1152 1410 1387 1443 matrimonia
1403 1409 1696 1452 cognoverimus,
1721 1409 1835 1441 restat

249 1477 332 1510 una,
366 1477 476 1509 quam
509 1476 601 1500 anno
635 1469 698 1499 493
731 1477 761 1500 a.
787 1467 868 1499 Chr.
892 1476 927 1500 n.
964 1467 1116 1500 Eumeni
1139 1468 1169 1499 II
1201 1467 1420 1509 Pergameno
1453 1467 1575 1500 oblata
1606 1467 1662 1499 est
1694 1464 1832 1507 (Polyb.

249 1524 344 1566 XXI,
362 1527 416 1566 20,
432 1528 461 1556 8.
496 1523 647 1566 Appian.
665 1524 742 1565 Syr.
762 1524 803 1565 5),
830 1524 893 1556 sed
919 1525 1049 1566 spreta.
1091 1524 1185 1562 Quid
1209 1525 1335 1566 postea
1351 1533 1393 1557 ea
1409 1523 1544 1556 factum
1569 1524 1628 1566 sit,
1651 1530 1832 1565 nusquam
1856 1550 1858 1565 ÷

249 1580 424 1613 traditum
450 1581 515 1612 est.
556 1580 674 1617 Quare
699 1581 729 1612 si
754 1581 836 1621 quis
861 1581 947 1613 huic
967 1581 1104 1623 Nysam
1122 1589 1257 1614 nomen
1273 1581 1384 1614 fuisse
1407 1589 1562 1623 eamque
1582 1581 1710 1623 postea
1725 1579 1833 1612 Phar·
1856 1571 1858 1598 ²

250 1638 331 1670 naci
356 1637 525 1678 nupsisse
550 1638 696 1679 statuat,
730 1638 947 1670 convenient
971 1638 1120 1679 quidem
1145 1639 1337 1680 parentum
1363 1638 1510 1671 nomina
1534 1638 1619 1680 (not.
1635 1638 1692 1679 45)
1715 1629 1858 1682 neque}

253 1695 402 1727 omnino
433 1693 612 1726 eiusmodi
644 1694 820 1726 sententia
845 1695 950 1736 plane
982 1695 1094 1727 refelli
1118 1696 1262 1737 poterit.
1310 1696 1356 1728 At
1386 1704 1563 1738 perquam
1593 1684 1858 1737 ἰωρτοδεὼὶἱοξ

252 1752 318 1793 est,
343 1751 521 1792 virginem
546 1759 640 1792 quae
668 1751 740 1783 iam
767 1760 797 1783 a.
826 1753 888 1782 493
915 1760 946 1783 a.
969 1751 1049 1784 Chr
1075 1761 1108 1785 n.
1134 1753 1268 1785 nubilis
1292 1752 1429 1795 fuisset,
1462 1753 1545 1795 plus
1572 1761 1683 1795 quam
1707 1734 1858 1792 viginti&

253 1809 354 1840 annis
379 1809 464 1850 post
487 1808 677 1840 etiamtum
702 1808 933 1840 matrimonio
958 1809 1153 1850 expetitam
1180 1818 1259 1842 esse
1283 1819 1302 1842 a
1319 1819 1404 1851 rege
1418 1810 1550 1843 vicino.
1589 1809 1707 1847 Quare
1730 1816 1834 1851 prae-
1847 1794 1858 1860 i

253 1866 325 1897 stat
339 1864 559 1897 Antiochum
583 1873 705 1905 regem
730 1865 790 1897 hic
806 1873 878 1897 non
895 1865 1016 1906 ipsum
1034 1865 1251 1898 Antiochum
1268 1867 1315 1898 III
1338 1868 1518 1909 Magnum,
1544 1866 1607 1899 sed
1623 1866 1702 1899 eius
1718 1865 1833 1897 filium

252 1922 341 1954 natu
358 1922 559 1954 maximum
576 1921 744 1962 intellegi.
773 1921 815 1953 Ei
833 1922 928 1953 enim
946 1923 982 1953 et
998 1922 1139 1963 regium
1157 1931 1288 1955 nomen
1304 1923 1415 1955 fuisse
1440 1923 1483 1964 (n.
1498 1922 1596 1964 2321)
1621 1924 1658 1955 et
1680 1929 1834 1955 uxorem

253 1978 430 2010 Laodicen
455 1978 538 2019 (not.
557 1978 612 2019 45)
644 1979 797 2020 constat,
830 1978 939 2010 filiam
972 1978 1094 2011 adulta
1119 1980 1235 2012 aetate
1259 1988 1352 2012 anno
1377 1977 1474 2023 ⁴⁷²l⁴
1504 1989 1534 2012 a.
1560 1979 1640 2012 Chr.
1666 1980 1699 2011 ei
1723 1978 1834 2012 fuisse

254 2043 329 2066 non
363 2035 497 2066 mirum
535 2036 601 2076 est,
639 2035 818 2076 siquidem
857 2035 973 2077 ipsius
1009 2036 1152 2077 nuptias
1183 2036 1301 2068 hieme
1331 2034 1437 2080 ⁴96s5
1463 2045 1494 2069 a.
1517 2035 1597 2069 Chr.
1621 2045 1655 2069 n.
1688 2045 1708 2068 a
1731 2037 1833 2079 patro

253 2090 464 2123 conciliatas
489 2099 569 2122 esse
594 2092 748 2123 testatur
772 2091 958 2133 Appianus
975 2092 1052 2133 Syr.
1073 2093 1103 2124 4.
1145 2091 1240 2123 Haec
1265 2093 1386 2125 omnia
1410 2093 1485 2125 tam
1511 2092 1616 2126 docte
1639 2101 1750 2135 quam
1775 2101 1833 2125 ac-

254 2146 484 2180 commodate
514 2147 559 2179 ad
594 2147 887 2188 persuadendum
919 2148 1121 2189 disputavit
1149 2147 1340 2181 Diirrbach
1364 2157 1399 2190 p.
1423 2151 1551 2182 490-4
1562 2152 1616 2192 93,
1649 2150 1713 2192 qui
1736 2149 1832 2183 idem
1856 2158 1858 2162 ·

255 2203 464 2237 observavit
504 2204 597 2235 hanc
638 2204 843 2245 parentelae
882 2194 1058 2237 rationem
1096 2205 1214 2236 lucem
1254 2205 1492 2239 clarissimam
1530 2206 1714 2240 effundere
1753 2207 1832 2240 loeo
1855 2191 1858 2195 ¹

253 2261 381 2294 Iustini
403 2259 595 2301 XXXVIII,
614 2262 645 2302 7,
664 2263 694 2292 4:
728 2270 765 2293 se
793 2262 914 2294 aulem
946 2261 1199 2302 (Mithridatem
1232 2262 1424 2304 Eupatora)
1458 2272 1522 2297 seu
1550 2261 1735 2297 nobilitate
1757 2261 1852 2308 aloe,

254 2318 491 2360 comparetwr.
525 2314 717 2350 clariorem
740 2315 807 2350 illa
836 2315 982 2351 colluvie
1013 2327 1255 2351 convenarum
1279 2329 1361 2362 esse,
1392 2318 1459 2362 qui
1481 2321 1655 2363 paternos
1675 2318 1855 2355 madores

253 2382 339 2406 suos
362 2383 387 2406 a
414 2371 506 2417 Gyro
529 2371 725 2416 Dua-eoque,
756 2371 1000 2407 conditoribus
1023 2372 1167 2408 Persici
1188 2374 1303 2419 reyni,
1335 2377 1518 2410 maternos
1549 2386 1575 2410 a
1596 2386 1731 2421 magno
1767 2390 1775 2406 ;
1806 2397 1851 2405 s.

254 2428 393 2463 madro
409 2439 453 2463 ac
470 2427 641 2463 Nicatore
658 2427 810 2471 Seleuco,
827 2428 1071 2464 conditoribus
1087 2429 1240 2496 imperii
1254 2430 1490 2475 Macedonici,
1514 2431 1656 2476 referat.
1692 2434 1794 2467 Eteni
1806 2437 1846 2509 12⁴²,

255 2657 357 2699 quod
385 2666 420 2690 n.
447 2658 501 2699 54,
527 2658 637 2699 lisqq.
668 2657 892 2690 Ptolemaeus
923 2658 969 2690 111
999 2659 1193 2701 Euergetes
1228 2658 1394 2705 ἀπόγονος
1427 2658 1471 2693 τὰ
1506 2659 1568 2703 μὲν
1605 2658 1671 2694 ἀπὸ

250 2710 464 2760 ’Ἡρακλέους
485 2715 546 2747 τοῦ
570 2710 661 2756 Διός,
693 2712 735 2746 τὰ
760 2712 797 2746 δὲ
821 2713 887 2747 ἀπὸ
914 2715 1041 2760 μητρὸς
1067 2714 1230 2750 Διονυσου
1254 2716 1314 2750 τοῦ
1338 2713 1416 2753 Διός
1446 2716 1580 2750 dicitur
1602 2713 1833 2751 distinction&

255 2779 327 2803 non
358 2771 402 2804 ad
432 2771 559 2814 ipsius,
597 2771 658 2804 sed
692 2770 736 2804 ad
769 2771 864 2813 Hylli
896 2773 1011 2813 gentis
1047 2775 1206 2806 auctoris
1237 2774 1405 2816 parentes
1435 2775 1630 2815 spectante.
1679 2773 1727 2807 Cf.
1759 2774 1783 2806 il
1819 2789 1845 2802 2¹

255 2830 328 2860 not.
347 2831 377 2861 5.
398 2831 427 2861 6.
546 2830 587 2861 44
621 2829 858 2871 structuram,
884 2838 993 2871 quam
1017 2830 1176 2863 hiulcam
1201 2839 1280 2864 esse
1296 2831 1336 2863 D.
1355 2830 1574 2874 observavit,
1599 2832 1732 2864 inserta
1748 2822 1849 2874 parv?

255 2885 365 2918 ticula
389 2895 497 2928 quam
524 2886 678 2928 lapicida
703 2895 824 2919 errore
849 2886 971 2919 omisit
995 2888 1128 2920 sarcire
1153 2889 1302 2921 conatus
1327 2896 1420 2920 sum.
1816 2876 1847 2940 ξ’·
