1858 3126
394 154 570 188 Officiales
593 154 916 188 administrationis
940 155 1160 196 provinciae.

110 291 161 336 Oi
181 295 251 337 τοῦ
270 290 505 349 σταταρίουῖ
525 290 716 347 ἐργασταὶ
733 290 739 346 Ι
756 289 826 333 καὶ
843 289 1106 347 προξενηταὶῖ
1125 289 1323 346 σωμάτων
1347 291 1353 348 l
1375 291 1566 348 ἐτίμησαν

65 373 85 405 5
114 359 183 404 καὶ
201 360 404 418 ἀνέθηκαν
427 356 700 417 ΙἈλέξανδρον
718 356 975 416 Ἀλεξάνδρου
1004 359 1016 417 ΙΙ
1047 360 1357 416 σωματέμπορον
1367 362 1397 415 ³,
1419 361 1569 418 ἀγορα-

109 430 350 488 νοΙμὴσαντα
381 427 647 486 ἰ-ιειτράμ.ηνον4
678 429 808 485 ἁγνῶς
840 427 846 485 ί
878 427 947 471 καὶ
976 429 1163 472 ἐπιδόντα
1193 431 1239 472 ἐκ
1268 433 1344 471 τῶν
1378 429 1486 472 ἰδίων
1515 435 1566 486 τῇ

108 499 224 542 πόλει
252 497 260 556 Ι
290 499 515 546 πολυτελῶς
544 498 586 540 ἐν
614 498 702 546 ταῖς
731 497 996 554 ἑορτασίΙμοις
1015 501 1092 540 τῶν
1120 497 1334 555 Σεβαστῶν
1356 499 1564 556 ἡμέραιςῦ.

87 628 101 659 l
130 625 271 660 Nomen
293 626 476 668 ceteroqui
499 625 702 658 inauditum
726 624 859 667 forum,
890 626 924 658 in
953 634 1026 668 quo
1057 626 1236 669 mancipia
1261 628 1425 669 veneant,
1458 626 1567 668 signi-

22 692 102 716 care
132 684 230 716 recte
256 691 303 716 ex
332 682 441 716 huius
472 682 568 715 tituli
600 683 811 724 argumento
843 682 979 724 colligit
1002 682 1170 716 Wolters.
1218 682 1270 716 Ne
1301 683 1389 716 mihi
1418 683 1565 725 quidem

18 740 214 774 ubstantivi
235 737 430 774 atatam
451 739 566 772 ullum
591 741 777 782 praeterea
794 739 1003 782 exemplum
1020 742 1148 773 notum
1165 742 1231 782 est,
1256 749 1373 782 neque
1397 740 1567 774 adjectivi

16 795 168 830 tatas-im
191 797 244 830 sic
266 797 444 839 usurpati,
476 798 518 830 ut
541 805 625 830 cum
647 797 706 830 illa
729 797 875 830 notione
899 797 1058 839 aliquam
1090 797 1393 830 necessitudinem
1423 796 1565 839 habeat,

0 895 1 902 ἵ
22 854 63 886 isi
93 853 188 887 torte
214 854 268 888 sic
294 853 554 896 intellegendus
585 855 642 886 est
672 853 774 887 locus
806 854 1016 895 Panegyrici
1046 854 1083 887 in
1107 854 1349 887 Theodosium
1374 863 1403 887 c.
1427 857 1480 887 3⁴:
1514 864 1566 888 an

0 908 171 945 maium
190 911 224 945 te
243 919 368 945 eoram
389 912 422 945 et
441 909 560 945 solum
582 909 768 945 oculorum
791 912 937 944 tuorum
959 909 1054 954 ferre
1077 909 1276 945 coniectum
1298 909 1359 945 ille
1382 910 1566 955 quondam

0 967 121 1002 domus
150 968 233 1003 hae
263 966 594 1012 noyleqevuissimaeoe
630 966 781 1002 vemula
816 966 1134 1011 mensularumque
1167 967 1355 1003 servilium
1388 967 1566 1003 statarius

0 1023 69 1059 lixa
86 1022 268 1068 potuisset.
314 1025 406 1059 Nam
428 1026 555 1068 utique
571 1026 742 1058 statarius
760 1026 863 1058 miles
887 1027 923 1058 et
947 1025 1089 1067 similia,
1113 1035 1206 1067 quae
1228 1028 1440 1068 comparant
1456 1027 1565 1058 inter·

0 1084 125 1124 metes,
148 1081 196 1116 ab
217 1081 329 1116 huius
353 1082 424 1116 loci
448 1083 625 1116 sententia
649 1083 879 1124 alienissima,
909 1091 994 1115 cum
1018 1083 1155 1116 servilis
1181 1084 1329 1125 originis
1354 1083 1565 1125 significatio

0 1148 76 1172 cum
106 1141 318 1182 contemptu
348 1140 382 1172 ei
411 1140 569 1172 maxime
599 1140 875 1173 accommodata
911 1140 968 1172 sit.
1016 1140 1061 1172 At
1096 1139 1209 1172 subiit
1244 1141 1406 1173 animum
1443 1149 1566 1173 meum

0 1196 153 1238 suspicio
182 1196 281 1229 hunc
310 1197 499 1230 statarium
530 1196 641 1229 lixam
669 1205 715 1229 ex
747 1205 859 1238 prava
891 1196 961 1228 loci
991 1196 1128 1229 Liviani
1150 1197 1260 1238 XXX,
1284 1199 1338 1239 28,
1365 1200 1381 1228 3
1414 1197 1566 1230 lectione

0 1256 118 1286 natum
147 1261 238 1296 esse,
272 1252 336 1286 ubi
374 1253 488 1286 codex
523 1253 703 1286 Puteanus
734 1253 881 1295 quidem
914 1252 1060 1285 exhibet
1088 1263 1154 1287 me
1189 1251 1359 1297 Scipioni
1388 1256 1452 1287 aut
1480 1264 1566 1288 eum

0 1309 167 1354 Syphace,
190 1308 397 1344 inconditae
419 1308 612 1344 barbariae
633 1320 722 1354 reye,
752 1309 817 1344 eui
838 1308 1022 1344 Statorius
1044 1309 1214 1344 semihkca
1241 1310 1362 1345 docere
1390 1310 1563 1346 exercitus

0 1366 120 1402 solitus
141 1365 201 1410 ait,
223 1385 271 1392 -
292 1377 370 1401 rem
391 1365 577 1410 fiduram5
607 1376 724 1410 neque
749 1367 907 1401 dubitari
924 1370 1070 1414 Qtoet,
1102 1369 1190 1410 quin
1220 1368 1293 1401 hoc
1322 1378 1455 1402 nomen
1478 1378 1563 1411 pro·

0 1426 114 1468 prium
138 1433 178 1458 se
201 1425 298 1458 recte
321 1424 461 1466 habeat,
492 1424 622 1458 collato
645 1424 770 1467 XXIV,
790 1427 843 1467 ⁴8,
861 1428 879 1458 9
915 1422 955 1466 Q.
975 1422 1130 1458 Statorio
1153 1435 1284 1459 nomen
1306 1424 1390 1469 fuit,
1420 1424 1487 1469 qui
1514 1425 1565 1460 ad

0 1491 111 1526 reqem
134 1481 356 1524 (Syphacem)
379 1480 566 1516 remansit.
605 1482 651 1514 At
673 1481 756 1515 libri
777 1482 931 1515 familiae
948 1483 1126 1524 Spirensis
1147 1483 1219 1515 illic
1242 1483 1366 1525 legunt
1386 1481 1564 1517 statarius

0 1537 171 1573 semiln'oea.
210 1538 335 1573 Nonne
357 1540 435 1572 veri
459 1539 576 1572 simile
600 1540 666 1581 est,
699 1539 878 1572 eiusmodi
901 1539 1098 1582 exemplari
1123 1540 1306 1573 annalium
1330 1541 1563 1574 Livianorum

0 1605 103 1630 usum
125 1596 339 1638 scriptorem
362 1597 571 1639 panegyrici
594 1596 813 1630 vocabulum
844 1605 915 1630 non
945 1597 1178 1639 intellectum,
1209 1597 1308 1639 quod
1337 1598 1371 1631 ei
1395 1598 1565 1640 gravissi·

0 1662 95 1687 mum
119 1653 324 1687 convicium
347 1661 426 1686 esse
449 1653 644 1695 videretur,
669 1654 706 1686 in
730 1653 864 1686 librum
886 1662 994 1687 suum
1018 1652 1270 1687 transtulisse?
1380 1657 1400 1687 2
1430 1653 1564 1689 Proxe-

0 1712 75 1744 neta
105 1710 306 1752 appellatur
333 1711 437 1743 cuius
467 1719 577 1753 opera
607 1711 702 1744 inter
734 1713 935 1753 emptorem
967 1713 1003 1743 et
1026 1711 1253 1744 venditorem
1285 1713 1465 1745 convenit.
1514 1711 1564 1744 Cf.

0 1767 144 1801 Martial.
166 1767 278 1810 epigr.
298 1767 343 1810 X,
362 1769 394 1809 ³,
412 1769 442 1801 4.
482 1768 615 1801 Seneca
638 1768 742 1810 epist.
769 1771 846 1811 ⁴⁴9,
865 1771 896 1802 4.
936 1768 1164 1810 Quicumque
1187 1769 1300 1810 igitur
1325 1769 1566 1811 Thyatirenus

0 1833 103 1858 servo
129 1832 224 1866 opus
245 1823 412 1867 habebat,
436 1833 550 1858 unum
573 1833 619 1858 ex
642 1825 698 1858 his
716 1826 923 1867 proxenetis
948 1825 1071 1858 adibat
1094 1827 1135 1858 ut
1159 1834 1225 1868 per
1241 1835 1326 1858 eum
1350 1836 1372 1859 a.
1390 1835 1565 1868 mangone

0 1883 80 1923 (not.
99 1881 129 1922 3)
153 1881 372 1924 mancipium
396 1884 587 1915 emeretur.
704 1886 722 1914 3
755 1882 895 1916 Nomen
919 1883 1085 1916 inferiore
1115 1884 1230 1916 aetate
1254 1892 1326 1916 non
1358 1883 1565 1926 infrequens

0 1940 42 1972 de
63 1939 116 1971 eis
138 1937 272 1980 quibus
295 1946 420 1972 servos
444 1947 565 1973 emere
588 1941 626 1972 et
648 1939 804 1973 vendere
829 1940 1012 1982 negotium
1044 1942 1080 1972 et
1104 1940 1222 1973 victus
1252 1942 1340 1975 erat.
1388 1940 1438 1974 Cf.
1462 1941 1565 1973 Arte-

0 1995 125 2029 midor.
141 1995 329 2029 onirocrit.
345 1996 403 2038 111,
420 1999 482 2029 ⁴7:
512 1994 714 2041 ἀνθρώπους
738 1994 898 2030 πλάσσειν
929 1995 1057 2041 ἀγαθὸν
1090 1994 1324 2042 παιδοτρίβαις
1347 1996 1406 2030 καὶ
1428 1995 1566 2031 παιδευ-

0 2055 88 2089 ταῖς·
111 2070 158 2077 -
180 2049 307 2098 ἀγαθὸν
330 2050 368 2086 δὲ
390 2052 449 2086 καὶ
472 2053 751 2098 σωματεμπόροις
774 2053 833 2087 καὶ
857 2051 1015 2098 πένησιν·
1049 2052 1082 2087 οἱ
1106 2053 1167 2098 μὲν
1191 2052 1255 2099 γὰρ
1280 2052 1347 2087 ἀπὸ
1371 2057 1434 2098 τῆς
1459 2052 1567 2098 ἐμπο-

0 2108 70 2154 ρίας
91 2106 205 2142 πολλὰ
225 2107 284 2142 ml
306 2108 438 2155 μεγάλα
459 2109 686 2155 κερδανοῦσιν,
719 2110 751 2144 οἱ
775 2109 813 2144 δὲ
837 2108 986 2148 πολλοὺς
1009 2109 1192 2154 κτήσονται
1216 2109 1361 2148 οἰκέτας.
1408 2112 1567 2154 Apparet

0 2168 93 2199 hunc
126 2166 368 2199 Alexandrum
404 2176 571 2209 magnam
607 2168 755 2210 quidem
794 2177 985 2201 servorum
1021 2168 1166 2210 copiam
1198 2177 1347 2210 peregre
1382 2169 1419 2201 in
1449 2168 1569 2201 forum

0 2223 255 2265 Thyatirenum
278 2224 467 2267 invexisse,
492 2225 698 2266 singillatim
722 2234 808 2258 vero
834 2226 886 2258 eis
903 2225 1139 2258 divendendis
1163 2234 1235 2258 non
1257 2226 1412 2258 multum
1439 2234 1569 2268 operae

0 2279 227 2323 impendisse,
259 2281 324 2314 sed
346 2281 420 2314 hoc
441 2282 627 2323 negotium
651 2284 931 2324 proxenetarum
956 2282 1154 2315 industriae
1179 2284 1215 2315 et
1239 2283 1445 2316 dexteritati
1470 2292 1569 2316 com-

0 2339 151 2370 missum
174 2337 295 2370 fuisse.
427 2340 444 2370 ⁴
479 2338 527 2372 Cf.
552 2349 586 2372 n.
605 2339 719 2373 48510.
852 2343 870 2373 5
900 2340 1044 2373 Natales
1069 2341 1298 2382 imperatoris
1331 2341 1569 2382 omniumque

0 2395 61 2437 qui
85 2393 215 2427 domus
238 2394 420 2436 Augustae
448 2397 534 2428 sunt
557 2396 716 2438 itemque
748 2396 824 2430 dies
848 2406 921 2439 quo
946 2397 1005 2429 ille
1032 2406 1155 2429 rerum
1179 2397 1317 2440 potitus
1341 2398 1389 2430 sit
1411 2398 1568 2439 intellegi

0 2451 167 2484 videntur
189 2451 244 2492 (cf.
268 2460 303 2484 n.
320 2455 374 2493 56,
398 2455 429 2484 5.
454 2452 496 2493 6).
543 2453 771 2486 Adiectivum
800 2451 1002 2498 ἑορτάσιμος
1029 2454 1154 2487 eadem
1179 2455 1325 2487 notione
1348 2456 1567 2497 usurpatum

0 2508 110 2542 habes
145 2508 242 2550 apud
278 2508 508 2542 Plutarchum
542 2509 643 2543 Aetia
678 2510 838 2543 Romana
867 2513 909 2543 25
940 2519 976 2553 p.
1002 2513 1067 2543 270
1081 2511 1127 2544 A:
1174 2508 1262 2544 οὕτω
1294 2510 1352 2544 καὶ
1382 2515 1449 2544 τῶν
1481 2510 1569 2555 ἡμε·

1 2570 65 2611 ρῶν
87 2563 148 2602 τὰς
172 2563 233 2609 μὲν
259 2562 331 2598 οἷον
354 2563 461 2611 ἀρχὰς
483 2564 541 2598 καὶ
569 2565 686 2610 κυρίας
710 2566 823 2613 ὥσπερ
847 2565 980 2613 εἴρηται
1010 2570 1101 2612 τρεῖς
1133 2565 1236 2606 οὔσας
1266 2566 1486 2613 ἑορτασίμους
1509 2566 1570 2601 καὶ

0 2621 89 2668 ἱερὰς
105 2619 220 2655 ἔθεντο
237 2623 274 2654 et
288 2622 326 2654 in
341 2622 447 2656 titulo
463 2623 650 2665 Laginensi
665 2624 753 2657 Bull.
770 2624 815 2657 de
831 2633 925 2658 corr.
938 2625 1024 2657 Heli.
1042 2625 1090 2657 XI
1110 2628 1194 2658 ⁴887
1213 2634 1247 2667 p.
1261 2627 1323 2658 ⁴57
1342 2634 1375 2657 n.
1387 2628 1439 2667 63,
1457 2627 1474 2656 3
1489 2633 1568 2666 sqq.

0 2678 58 2713 zai
79 2678 118 2712 τὸ
140 2682 435 2725 γυμνασιαρχῆσαι
457 2678 579 2717 πάσαις
602 2683 676 2718 ταῖς
701 2679 913 2725 ἑορτασίμοις
935 2680 994 2714 καὶ
1018 2679 1196 2726 ἐπισήμοις
1219 2684 1281 2726 τῆς
1306 2680 1388 2715 θεοῦ
1412 2679 1569 2725 ἡμέραις.

0 2737 98 2770 Idem
130 2735 213 2778 fere,
243 2735 344 2778 quod
374 2736 433 2769 hic
463 2739 538 2774 ταῖς
567 2735 778 2782 ἐορτασίμοις
807 2742 875 2771 τῶν
899 2735 1080 2782 Σεβαστῶν
1105 2736 1247 2784 ἡμέραις
1277 2740 1342 2780 est,
1376 2739 1485 2770 Inscr.
1511 2737 1568 2770 Gr.

0 2794 45 2827 ad
73 2802 132 2826 res
158 2793 258 2826 Rom.
281 2794 373 2835 pert.
395 2793 442 2825 111
465 2802 499 2835 p.
518 2796 582 2826 2⁷8
608 2804 642 2828 n.
667 2795 805 2838 '1³91X,
830 2797 873 2828 ⁹6
903 2795 1026 2829 verbis
1058 2793 1093 2828 ἐν
1123 2798 1198 2832 ταῖς
1231 2794 1457 2838 [ἐπι]σ[ή]μοις
1487 2793 1571 2836 κ[α]ὶ

0 2848 215 2895 σεβα[σ]μίοις
239 2848 382 2895 ἡμέραις
406 2851 624 2885 enuntiatur.
