1858 3126
203 141 287 182 646
917 139 1068 173 Indices.

202 276 311 311 δίαιτα
349 276 458 320 (loeus
493 275 560 312 ubi
592 275 675 321 quis
705 277 960 320 commoratur)

250 334 327 377 383,
347 340 387 368 27
416 334 471 376 (cf.
490 336 563 368 not.
586 335 636 376 10)

203 390 397 438 διακατέχω
409 401 416 409 ·
442 390 564 429 οἵτινες
582 389 621 425 ἂν
635 388 742 426 Ἀσίαν
759 390 824 437 τήν
836 388 962 426 τεἛλ-

249 447 339 482 λάδα
357 447 601 497 διακατέχωσιν
620 449 785 492 441,109.
819 448 908 488 ὅστις
922 447 961 483 ἂν

248 501 355 540 Ἀσίαν
380 505 562 553 ἐπαρχείαν
584 505 772 554 διακατέχῃ
797 506 962 550 441,112.

249 560 283 596 οἵ
293 562 331 596 τέ
341 574 428 601 τινες
441 563 697 611 δια-κατέχουσιν
712 562 796 597 αὐτά
809 564 887 607 441,
899 570 914 598 1
923 569 960 596 14

203 619 387 654 διακονέω·
413 620 699 656 διακονείσθωσαν
724 621 802 664 383,
823 627 884 654 159

203 675 458 722 διακοντισμός·
528 677 633 716 τιθεὶς
705 675 965 722 διακοντισμούς

250 734 328 778 339,
361 742 414 770 68.
467 734 558 770 ἆθλα
597 754 642 760 -
683 734 867 775 διατοξείας
906 733 966 769 καὶ

250 791 491 837 διακοντισμοῦ
516 793 594 836 339,
614 798 654 827 82

203 847 447 894 διακόσμησις·
465 850 540 897 περὶ
555 849 618 895 τὴν
637 848 720 894 ὅλην
739 848 964 895 διακόσμησιν

248 908 309 939 τοῦ
335 904 443 940 πόλου
470 907 523 949 56,
544 914 586 942 46

204 961 376 996 διακούω·
403 962 571 998 διακούειν
598 965 678 1010 (-ην)
705 964 783 1007 335,
802 970 856 998 29.
876 970 914 997 71

203 1017 381 1064 διακρίνω·
407 1016 558 1066 ᾐτήσατο
582 1040 627 1046 -
651 1019 731 1059 τοὺς
756 1019 966 1066 διακρινοῦν-

249 1088 309 1114 τας
334 1077 389 1121 43,
408 1083 439 1111 4.
481 1077 654 1124 διέκρινομ
679 1077 765 1124 μετὰ
788 1076 900 1122 πάσης
919 1076 966 1110 δι-

250 1133 432 1179 καιοσύνης
456 1135 511 1178 43,
533 1142 573 1168 11

204 1189 427 1236 διαλαμβάνω
438 1200 446 1209 ·
464 1191 523 1226 τὸν
540 1210 586 1216 -
603 1190 799 1237 δικαιοσύνῃ
816 1191 874 1226 καὶ
890 1195 965 1230 ταῖς

250 1246 371 1286 ἄλλαις
397 1247 534 1294 ἀρεταῖς
559 1252 670 1283 πᾶσαν
688 1248 887 1295 διειληφότα
902 1249 965 1295 τὴν

251 1300 306 1350 ὑφ’
323 1304 412 1351 ἡλίῳ
439 1306 517 1350 520,
534 1314 563 1340 5.
605 1305 682 1340 ὁδὸν
697 1325 744 1331 --
760 1305 964 1352 ὑδρεύμασιν

249 1362 308 1395 καὶ
334 1361 502 1407 σταθμοῖς
526 1363 584 1397 καὶ
614 1362 788 1410 φρουρίοις
812 1362 966 1410 διειλημ-

251 1418 357 1464 μένην
384 1421 461 1464 701,
484 1427 521 1454 13

205 1474 420 1522 διαλέγομαι·
458 1476 576 1524 ἐπειδὴ
614 1477 637 1523 ἡ
667 1483 729 1525 τῆς
761 1477 966 1523 άμειπτικῆς

252 1533 390 1580 ἐργασία
415 1534 512 1569 δοκεῖ
545 1534 661 1580 μόνοις
690 1538 763 1573 τοῖς
788 1535 966 1580 ἐργασταῖς

252 1590 467 1637 διαλέγεσθαι
483 1592 562 1636 484,
578 1599 630 1628 23.
665 1591 873 1638 διαλεγέντες
890 1591 966 1636 περὶ

251 1648 298 1682 ὧν
333 1647 566 1683 ἐντετάλκειτε
603 1649 718 1688 αὐτοῖς
753 1650 830 1694 751,
855 1656 885 1683 4.
934 1647 967 1683 οἱ

251 1704 450 1751 πρεσβευταὶ
491 1707 578 1751 μετὰ
618 1706 774 1745 πλείονος
815 1704 966 1752 σπουδῆς

252 1761 480 1810 διελέχθησαν
506 1765 583 1808 763,
603 1771 643 1798 38

205 1819 365 1866 διάληψις
398 1819 545 1866 (op‘bm'o,
578 1820 771 1864 iudicium)
806 1821 884 1865 231,
913 1827 966 1854 17.

251 1878 328 1922 232,
351 1885 401 1912 16.
427 1879 506 1922 237,
529 1885 580 1913 11.
606 1879 684 1923 764,
705 1886 744 1913 46

204 1933 377 1973 διάλιθος·
430 1935 569 1981 ἄγαλμα
614 1939 763 1983 χρυσοῦν
811 1934 965 1970 διάλιθον

252 1993 307 2035 56,
328 1999 366 2026 59

205 2047 451 2096 διαλλακτῆρες
475 2050 531 2093 43,
551 2056 581 2083 2.
601 2057 618 2083 3

205 2104 415 2139 διαλλάσσω·
443 2109 516 2143 τοῖς
548 2106 588 2139 τὸ
619 2105 778 2152 δηνάριον
804 2104 966 2139 διαλλάσ-

251 2173 319 2196 σειν
345 2161 566 2208 βουλομένοις
590 2163 729 2207 484,1ο

204 2218 420 2266 διαλογισμός
445 2220 523 2264 665,
539 2227 592 2254 71
618 2220 696 2264 669,
715 2227 768 2254 35.
785 2227 838 2254 36.
855 2226 908 2253 38.
925 2226 964 2252 50

205 2276 372 2316 διάλυσις·
402 2280 458 2311 τᾶι
481 2275 613 2311 διαλύσι
635 2280 692 2311 τᾶι
718 2275 752 2310 ἐν
778 2275 881 2310 τῶιδε
905 2279 968 2309 τῶι

251 2334 445 2381 ψαφίσματι
469 2335 501 2378 2,
522 2341 575 2369 20.
614 2333 771 2380 γένεσθαι
802 2333 863 2367 τὰν
893 2332 966 2366 διά-

250 2390 345 2425 λυσιν
386 2395 460 2429 τοῖς
499 2389 759 2426 κατελθόντεσσι
797 2389 856 2424 καὶ
894 2392 967 2426 τοῖς

251 2447 380 2493 πρόσθε
412 2448 446 2482 ἐν
477 2451 532 2482 τᾶι
562 2447 659 2482 πόλει
689 2446 837 2481 ἐόντεσσι
861 2447 892 2490 2,
912 2453 966 2479 41.

251 2504 454 2551 πεμφθῆναι
469 2504 529 2539 οὖν
547 2505 638 2550 παρὰ
653 2502 826 2551 Πριηνέων
839 2501 967 2538 Βίαντα

251 2562 328 2607 περὶ
342 2561 528 2596 διαλύσεων
541 2565 615 2600 τοῖς
632 2560 773 2606 Σαμίοις
791 2562 842 2604 13,
855 2566 966 2595 21.22.

250 2618 311 2657 τὰς
339 2618 506 2658 διαλύσεις
523 2618 732 2662 ποιήσασθαι
758 2619 789 2662 5,
807 2624 861 2651 46.
897 2617 967 2651 ’ίστε

251 2674 312 2710 οὖν
339 2675 642 2722 συντετελεσμένας
664 2675 725 2714 τὰς
751 2674 918 2713 διαλύσεις
936 2675 967 2718 5,

256 2740 309 2767 51.
331 2740 382 2768 52,
424 2733 458 2768 αί
483 2733 521 2768 δέ
544 2733 586 2768 κέ
608 2745 660 2772 τις
686 2738 754 2767 τῶν
778 2730 967 2777 κατεληλυ-

252 2789 385 2825 θόντων
412 2791 460 2837 μὴ
495 2790 628 2836 ἐμμένη
662 2789 696 2825 ἐν
720 2793 796 2827 ταῖς
821 2787 968 2823 διαλυσί-

252 2858 324 2881 εσσι
340 2847 493 2882 ταύταισι
507 2849 539 2892 2,
556 2855 586 2883 3.
623 2847 658 2882 ἐν
675 2850 750 2885 ταῖς
768 2844 968 2881 διαλυσίεσσι

251 2903 324 2943 ταὶς
341 2904 358 2939 ὀ
374 2904 531 2951 βασίλευς
549 2904 723 2952 ἐπέκριννε
740 2905 772 2948 2,
785 2910 838 2938 28.
880 2901 968 2948 μετὰ

1033 390 1161 426 διαλύω
1174 400 1184 410 ·

1037 1019 1226 1065 διαμετρέω
1238 1028 1245 1036 ·
1262 1018 1325 1064 τὴν
1337 1019 1454 1067 χώραν
1467 1019 1658 1066 διαμετρῶν
1671 1020 1794 1063 502,12

1037 1075 1226 1122 διαμισθόω
1237 1085 1246 1094 ·
1279 1074 1503 1122 διαμισθώσει
1528 1079 1602 1115 τοῖς
1627 1075 1798 1122 βουλομέ-

1039 1191 1187 1237 διανέμω
1198 1201 1205 1209 ·
1229 1194 1302 1229 τοῖς
1321 1190 1358 1225 δὲ
1373 1189 1508 1229 λοιποῖς
1522 1190 1625 1238 χάριν
1643 1188 1732 1236 ἐμὴν
1748 1190 1797 1229 εἰς

1039 1305 1187 1340 διάνοια·
1214 1305 1304 1353 ἔχων
1328 1304 1412 1340 θεοῦ
1437 1304 1652 1352 εύεργετισιοῦ
1669 1304 1704 1338 ἐν
1723 1306 1797 1342 τοῖς

1038 1476 1183 1522 διανομή
1210 1477 1288 1520 335,
1309 1483 1384 1511 137.
1409 1477 1487 1520 493,
1507 1484 1546 1511 31
1840 1499 1841 1502 =

1038 1533 1236 1579 διαπέμπω·
1262 1528 1317 1567 ὑπ’
1341 1532 1488 1578 ἐμαυτὸν
1513 1532 1669 1579 ἐποίησα,
1694 1531 1717 1566 ἃ
1735 1531 1797 1576 μὲν
1838 1544 1842 1579 j

1037 1704 1222 1739 διαπίπτω·
1251 1703 1283 1738 εἴ
1306 1717 1343 1751 γε
1368 1703 1467 1740 οὐδὲν
1498 1703 1576 1753 οὐχὶ
1600 1703 1797 1738 διαπεῖπτον

1037 1818 1267 1864 διαποστολή·
1290 1822 1354 1865 τῆς
1379 1818 1416 1853 δὲ
1441 1816 1665 1863 διαποστολῆς
1693 1815 1797 1852 αὐτοῦ

1038 1989 1198 2035 διαρκής·
1223 1989 1283 2027 τὰς
1307 1989 1390 2034 πρὸς
1406 1988 1486 2026 τοὺς
1506 1986 1656 2034 ἀγαθοὺς
1673 1986 1798 2033 ἄνδρας
1830 1991 1835 2008 ³

1038 2102 1211 2148 διαρπάζω
1224 2112 1231 2120 ·
1256 2101 1316 2136 τάν
1333 2101 1371 2136 δὲ
1386 2100 1485 2136 πόλιν
1501 2101 1559 2136 οιαὶ
1574 2100 1618 2135 τὰ
1632 2099 1690 2149 ἶρα
1707 2101 1796 2149 διαρ-
1828 2131 1829 2134 ,

1038 2330 1230 2377 διασαφέω·
1244 2329 1461 2376 διασάφησόμ
1476 2341 1544 2374 μοι,
1554 2328 1668 2363 πόσων
1680 2325 1796 2375 χρείαν
1811 2338 1819 2343 ’

1040 2559 1229 2604 διασεισμός
1240 2569 1249 2577 ·
1266 2557 1429 2605 πονηρίας
1446 2557 1504 2591 ’καὶ
1521 2556 1720 2601 διασεισμῶν
1737 2565 1796 2588 ‘me-
1816 2562 1820 2566 ’

1039 2673 1189 2708 διασείω·
1207 2670 1426 2717 διασειόμεθα
1441 2672 1519 2715 519,
1536 2677 1587 2704 14.
1621 2666 1796 2714 συμβαίνει
1808 2691 1820 2720 '2'

1077 278 1115 311 τὸ
1139 275 1394 324 παραδεδέχθαι
1422 277 1484 316 τὰς
1512 276 1660 316 διαλύσις
1685 279 1717 323 2,
1737 285 1790 314 31.

1078 333 1175 380 λόγοι
1199 333 1285 380 ὑπὲρ
1311 333 1496 369 διαλύσεων
1522 335 1555 379 5,
1574 342 1604 369 9.
1624 342 1663 370 10

1219 390 1263 435 (οἱ
1298 390 1461 434 δικασταὶ)
1498 391 1631 427 διέλυον
1665 403 1793 439 συμφε-

1081 448 1208 494 ρόντως
1231 449 1288 492 43,
1309 455 1361 483 10.
1402 447 1553 492 (Βίαντα)
1577 448 1735 484 διαλῦσαί
1755 462 1792 484 τε

1079 505 1140 543 τὰς
1163 504 1278 543 πόλεις
1306 506 1358 549 13,
1378 511 1432 541 23.
1471 505 1515 540 τὰ
1538 505 1600 552 μὲν
1624 505 1792 550 διέλυσαν,

1080 561 1122 596 τὰ
1162 560 1200 596 δὲ
1249 560 1404 603 ἐδίκαξαν
1453 563 1693 610 συμφερόντως
1736 564 1793 607 44,

1085 627 1136 654 11.
1150 626 1201 654 12.
1239 618 1341 659 ἀξιῶν
1359 619 1419 654 καὶ
1435 619 1478 654 τὰ
1502 621 1587 666 πρὸς
1605 619 1705 656 αὑτὸν
1723 620 1794 655 δια-

1081 675 1229 723 λυθῆναι
1243 679 1403 720 5,30.31.
1429 676 1691 723 διαλυθήσονται
1703 679 1794 721 2,27.
1848 704 1851 706 .

1081 732 1171 769 ἀλλὰ
1196 733 1342 780 διάγοιεν
1368 732 1400 767 οἰ
1417 733 1659 779 διαλελυμένοι
1674 734 1796 773 πάντες

1082 791 1165 837 πρὸς
1190 789 1353 829 ἀλλάλοις
1377 790 1583 830 ἀνυπόπτως
1605 791 1664 827 ’καὶ
1683 791 1795 826 ἀνεπι-

1083 847 1274 893 βουλεύτως
1299 849 1331 892 2,
1352 855 1404 883 18.
1425 856 1478 883 19.
1521 848 1704 894 διαλύομαι
1728 847 1794 883 ἀπὸ
1848 862 1850 864 ’

1081 908 1142 939 τοῦ
1173 903 1343 950 βελτίστου
1374 905 1457 953 πρὸς
1480 904 1622 951 Εὐμένη
1653 905 1709 939 τὸν
1735 903 1796 940 Φι-

1081 961 1239 1007 λεταίρου
1266 962 1344 1006 266,
1363 967 1404 996 26

1082 1145 1153 1172 νοις
1185 1132 1350 1172 ἑκουσίως
1381 1132 1632 1182 προσέρχεσθαι
1657 1134 1794 1178 669,14

1083 1247 1267 1295 ἐλευθέραν
1292 1246 1421 1294 ἡδονὴν
1439 1248 1608 1293 διανέμων
1633 1248 1712 1291 383,
1732 1254 1795 1282 155

1084 1361 1266 1407 ἀνήκουσιν
1319 1362 1368 1401 εἰς
1417 1362 1455 1397 τὸ
1506 1361 1602 1397 θεῖον
1648 1360 1796 1395 διάνοιαν

1084 1420 1139 1463 90,
1161 1427 1201 1454 35

1082 1609 1128 1616 --
1167 1590 1325 1636 νικήσας,
1374 1590 1396 1624 ἃ
1443 1591 1481 1624 δὲ
1520 1589 1798 1635 διαπεμπόμενος

1084 1648 1222 1692 199,35

1081 1781 1129 1787 —
1152 1761 1355 1808 ἀνώρθωσεν
1381 1762 1460 1806 458,
1480 1769 1496 1795 6

1083 1876 1168 1921 πρὸς
1202 1876 1258 1910 τὸν
1291 1875 1431 1921 βασιλέα
1464 1894 1511 1900 ——
1546 1872 1799 1919 ἐπιμεληθῆναι
1837 1908 1841 1918 Ι

1083 1934 1225 1977 248‚5s

1083 2044 1347 2080 ἀποδείκνυσθαι
1371 2045 1488 2090 τειμᾶς
1513 2043 1660 2090 διαρκῶς
1679 2044 1757 2088 504,
1778 2051 1795 2077 5
1829 2068 1832 2070 v

1083 2159 1208 2197 πάσαις
1241 2159 1327 2205 μετὰ
1354 2163 1423 2193 τῶν
1455 2157 1594 2193 λαῖσταν
1619 2158 1651 2201 8,
1673 2165 1723 2192 11.
1745 2162 1796 2192 12.

1086 2223 1140 2250 51.
1159 2222 1212 2251 52.
1253 2215 1287 2250 οἵ
1310 2215 1349 2250 τέ
1371 2227 1458 2254 τινες
1476 2218 1583 2250 ταῦτα
1607 2214 1796 2261 διήρπασαν
1824 2231 1828 2238 r

1082 2274 1246 2317 441‚115

1085 2386 1169 2428 ἕξεις
1205 2392 1418 2434 στρατιωτῶν
1455 2386 1534 2430 315,
1559 2394 1589 2420 5.
1634 2385 1696 2431 τὴν
1726 2384 1825 2419 ἐπι-,

1085 2444 1221 2490 στολήν,
1248 2443 1282 2478 ἐν
1307 2438 1329 2493 ᾗ
1356 2442 1610 2489 διεσεσαφήκεις
1639 2454 1696 2487 μοι
1719 2439 1798 2487 περὶ

1084 2507 1151 2537 τῶν
1175 2522 1221 2527 —
1245 2501 1332 2535 κατὰ
1355 2501 1412 2535 τὸν
1437 2499 1584 2546 ἀδελφόν
1609 2498 1687 2542 315,
1707 2505 1747 2532 13
1816 2519 1819 2523 ›

1084 2616 1266 2662 παυμένων
1293 2616 1370 2658 519,
1392 2621 1430 2648 11

1084 2729 1178 2775 ἡμᾶς
1217 2749 1264 2755 -
1304 2727 1495 2763 ἀδικεῖσθαι
1542 2724 1796 2771 διασειομένους

1086 2788 1163 2831 519,
1183 2793 1237 2821 23.
1278 2784 1396 2831 ἐπειδὴ
1423 2783 1460 2818 δὲ
1483 2782 1549 2818 ὑπὸ
1573 2788 1641 2818 τῶν
1666 2779 1816 2817 Kouma

1086 2849 1207 2892 ριανῶν
1247 2842 1286 2878 οὐ
1323 2840 1367 2876 τοὶ
1405 2841 1552 2888 τυχόντα
1591 2837 1796 2874 διασείεσθαι

1085 2901 1178 2947 ἡμᾶς
1203 2899 1329 2946 συνέβη
1354 2899 1433 2943 519,
1451 2906 1489 2933 31
