1858 3126
205 136 288 178 704

202 275 293 310 σῖτος
311 273 365 315 56,
385 280 437 306 17.
463 272 543 316 266,
559 279 588 306 3.
606 279 657 306 15.
684 272 762 316 521,
782 278 836 307 29.
875 272 960 319 ἀφο-

248 328 314 373 ρίαι
336 331 396 363 τοῦ
422 327 513 363 σίτου
539 329 618 373 339,
638 337 690 364 57.
732 331 842 367 σεῑτος
858 327 882 374 ἢ
899 327 958 374 ἀρ-

245 384 359 431 γύριον
385 386 463 430 665,
483 393 536 420 39.
584 385 675 420 σίτου
707 398 745 420 τε
772 386 831 420 καὶ
858 384 959 433 ἀργυ-

247 442 318 488 ρίου
342 442 477 489 πλῆθος
501 442 565 478 οὐκ
588 442 701 489 ὀλίγον
727 444 782 487 90,
802 449 842 477 29

201 500 359 546 σιτώνης·
386 501 548 547 σειτώνην
572 500 753 546 γενόμενον
778 501 858 544 485,
877 508 894 535 9

201 557 396 596 σιτωνικός·
432 557 534 592 δόντα
568 556 726 604 ἀργύριον
754 575 801 583 --
833 556 882 596 εἰς
915 557 958 592 τὰ

247 614 421 649 σειτωνικοί
445 615 522 658 511,
543 622 560 648 5

199 670 356 717 σίφαρος·
380 670 460 710 τοὺς
484 671 666 718 σειφάρους
691 673 769 716 510,
788 679 805 706 6

198 727 332 766 σκαιός·
357 729 457 775 σκαιᾷ
478 741 543 763 τινι
565 729 762 776 καινουργίᾳ
787 730 865 774 569,
885 737 923 764 18

198 789 423 820 σκεπαστικοῦ
449 787 527 830 665,
546 794 587 820 40

199 843 398 881 σκευοποιός
425 844 478 886 51,
500 850 540 876 66

198 902 333 938 σκεῦος·
359 899 447 946 μήτε
473 903 592 938 σκεῦος
611 899 768 943 (πλύνειν)
786 901 864 944 483,
881 908 957 935 170.

245 957 348 1002 σκεύη
374 957 453 1001 483,
473 964 549 991 173.
595 960 655 991 τοῦ
685 969 722 991 τε
754 957 874 992 πλοίου
899 958 958 993 καὶ

242 1019 310 1048 τῶν
337 1019 466 1048 σκευῶν
492 1013 596 1048 αὐτοῦ
621 1013 699 1058 572,
717 1021 757 1049 29

197 1075 368 1116 σκῆπτρον
394 1069 586 1116 σύμμετρον
603 1071 831 1116 παπυροειδές
849 1072 903 1116 56,
914 1078 954 1106 62

196 1127 453 1175 σκηπτροφόρος
478 1129 557 1172 245,
576 1134 628 1162 22.
648 1135 690 1161 45

197 1185 291 1219 σκιά·
323 1184 387 1219 οὐκ
418 1184 497 1231 ἀφῶ
522 1184 645 1222 αὐτοὺς
668 1184 882 1231 καθεσθῆναι
906 1186 955 1225 εἰς

241 1242 303 1287 τὴν
329 1241 426 1276 σκιάν
452 1243 530 1285 201,
549 1249 590 1277 20

196 1299 342 1345 σκληρὸς
377 1298 474 1338 λίθος
514 1300 589 1343 194,
621 1305 675 1334 28.
724 1299 954 1347 σκληροτέρας

243 1359 421 1403 συμφορᾶς
448 1357 524 1401 194,
546 1365 584 1391 14

196 1413 332 1452 σκότος’
366 1412 453 1448 ὅπου
479 1413 597 1452 σκότος
621 1413 810 1449 ἐκάλυπτεν
836 1416 914 1459 610,
934 1422 951 1449 2

197 1470 336 1504 σκῦλον·
360 1470 500 1517 ἄγαλμα
514 1489 561 1495 -—
579 1470 724 1517 βεβηκὸς
744 1470 799 1505 ἐπὶ
820 1471 953 1506 σκύλων

242 1526 357 1571 332,s

195 1584 369 1623 σκυτικός·

242 1642 319 1685 629,
341 1650 379 1676 78

196 1698 438 1746 σκυτοβυρσεῖς
461 1699 541 1743 495,
562 1706 578 1733 6

195 1756 321 1802 σκύφος
380 1755 546 1802 ἀργυροῦς
602 1756 759 1802 τορευτὸς
818 1757 954 1803 ζῳωτάς

240 1814 318 1856 214,
337 1821 377 1847 54

193 1868 323 1915 σμύρνα
347 1870 427 1914 214,
451 1878 490 1905 58

192 1926 289 1972 σορός
316 1927 393 1971 526,
412 1934 430 1961 2

191 1983 388 2028 σοφίζεσθαι
413 1984 490 2027 383,
511 1990 573 2019 208

192 2040 355 2079 σπανίζω·
382 2040 596 2080 σπανίζοντος
622 2042 699 2085 515,
724 2049 764 2076 52

190 2100 311 2142 σπεῖρα
335 2097 413 2140 421,
432 2104 463 2131 4.
510 2097 648 2143 σπείρης
679 2095 862 2144 Ἀστούρων
893 2099 952 2133 καὶ

236 2150 445 2188 Καλλαικῶν
470 2154 548 2198 480,
568 2162 596 2188 3.
647 2154 786 2200 σπείρης
814 2153 950 2204 Βοσπο-

239 2215 361 2255 ριανῶν
379 2211 517 2257 πρώτης
539 2212 616 2256 489,
636 2220 665 2246 7.
707 2211 846 2259 σπείρης
863 2211 950 2260 Θρᾳ-

234 2273 305 2302 κῶν
323 2269 460 2314 πρώτης
478 2269 556 2312 586,
572 2276 602 2303 3.
645 2267 783 2315 σπείρης
802 2261 950 2314 β”Ιτου-

238 2324 340 2371 ραίων
381 2326 459 2369 208,
493 2332 525 2359 2.
579 2324 718 2372 σπείρης
754 2322 948 2372 Ἰτουραίων

236 2383 395 2425 540,14.
447 2381 587 2428 σπείρης
612 2385 750 2429 πρώτης
778 2381 949 2421 Φλαουίας

236 2436 389 2473 Κιλίκων
416 2438 555 2484 ἱππικῆς
585 2439 662 2483 678,
682 2447 711 2473 6.
754 2438 890 2485 σπείρης
919 2431 951 2473 α’

233 2493 406 2532 Φλαουίας
448 2497 525 2539 705,
558 2504 588 2531 3.
645 2495 784 2541 σπείρης
821 2493 947 2543 Νίγρου

167 2561 171 2564 ·
235 2552 314 2596 660,
333 2558 375 2586 25

189 2608 339 2643 σπένδειν
365 2610 443 2654 214,
465 2617 503 2643 18

189 2666 330 2701 σπονδαί
368 2666 422 2711 56,
449 2674 504 2702 40.
535 2667 596 2710 90,
621 2673 674 2701 48.
701 2673 752 2700 50.
793 2666 868 2710 130,
896 2672 949 2701 12.

238 2723 705 2767 139,13.233,23.309,8

189 2780 330 2825 σπόρος·
365 2780 443 2815 ὅταν
470 2780 487 2814 ὁ
512 2782 666 2827 πρώϊμος
691 2779 817 2826 σπόρος
840 2791 949 2826 παρα-

238 2838 300 2885 στῇ
328 2838 382 2881 56,
401 2845 440 2871 68

189 2893 341 2939 σταθμός
376 2897 405 2928 1.
425 2895 588 2939 pondus:
620 2894 699 2939 214,
718 2901 771 2930 28.
795 2895 875 2938 484,
897 2901 949 2929 16.

447 1584 710 1620 παντοπωλείων
785 1591 952 1620 σκυτικῶν

920 135 1070 169 ludices.

1076 273 1108 307 2.
1125 271 1244 317 statio,
1256 272 1514 309 damarim:
1532 272 1789 319 55524-53926-
1832 263 1843 270 ”

1078 341 1177 374 μασιν
1225 328 1390 378 ἀφθόνοις
1427 331 1487 365 καὶ
1526 330 1692 377 σταθμοῖς
1730 331 1790 366 καὶ
1844 359 1845 362 ¹

1077 386 1248 432 φρουρίοις
1272 386 1513 435 διειλημμένην
1536 389 1616 432 701,
1637 395 1676 422 13

1029 444 1212 484 στασιάζω·
1237 443 1433 479 ἐστασίασαν
1459 445 1538 488 665,
1557 452 1597 478 70

1030 502 1224 548 στατάριον·
1260 501 1293 536 οἱ
1327 504 1388 536 τοῦ
1421 501 1597 547 στατᾶρίου
1630 500 1789 548 ἔργασταί

1076 559 1190 602 524,1

1030 620 1192 662 στατῆρες
1220 617 1333 660 4‚99.
1368 615 1456 660 8,3.
1493 616 1572 659 218,
1603 622 1680 650 137.
1710 622 1787 651 139.
1843 625 1847 631 ·

1075 672 1142 707 ἀπὸ
1161 673 1335 718 στατήρων
1351 677 1488 720 χρυσῶν
1506 671 1626 707 ἑκατόν
1643 673 1784 717 6,27.28

991 733 993 742 ²
1029 729 1171 765 στατίων
1196 729 1327 777 Τυρίων
1344 729 1380 764 ἐν
1398 727 1577 768 Ποτιόλοις
1594 730 1672 774 595,
1687 737 1717 764 5.
1734 736 1788 764 10.
1825 753 1839 762 ,ι

1077 794 1129 821 12.
1151 795 1202 821 14.
1223 794 1275 821 17.
1288 793 1341 821 25.
1357 794 1410 822 28.
1450 786 1510 825 τὰς
1527 786 1587 822 δύο
1605 785 1787 825 στατίωνας

1074 845 1154 888 595,
1174 851 1226 878 35.
1246 851 1300 878 41.
1341 844 1359 878 ὁ
1378 843 1520 878 στατίων
1538 848 1606 878 τῶν
1622 842 1711 878 κατὰ
1726 843 1788 878 πό·
1832 844 1854 894 ‘5

1072 902 1125 936 λιν
1152 901 1197 944 (ἐν
1222 899 1380 946 Μιλήτῳ)
1404 905 1589 947 κηπουρῶν
1615 901 1693 944 755,
1712 909 1730 935 4

1028 958 1260 1003 στατιωνάριοι
1284 956 1402 1003 Τύριοι
1429 958 1508 1002 595,
1528 963 1581 991 22.
1600 963 1654 992 39.
1694 957 1726 992 οἱ
1751 957 1787 992 έν
1837 963 1852 982 -”“

1072 1013 1251 1053 Ποτιόλοις
1288 1013 1523 1061 στατιωνοίριοι
1551 1014 1633 1058 ’595,
1653 1021 1707 1050 33.
1755 1013 1788 1049 οἱ
1838 1022 1843 1038 ‘-

1073 1071 1108 1106 ἐν
1129 1068 1255 1118 Ῥώμῃ
1281 1070 1512 1116 στατιωνάριοι
1537 1072 1615 1116 595,
1634 1076 1675 1107 32
1832 1065 1834 1068 ’

1027 1129 1159 1174 στάτωρ
1185 1129 1262 1172 577,
1282 1135 1312 1163 6.
1354 1128 1512 1174 στάτορες
1536 1129 1614 1172 665,
1633 1134 1674 1162 23
1843 1151 1856 1156 ›-

1027 1185 1168 1234 στάχυς·
1202 1184 1289 1220 εἶναι
1313 1185 1351 1220 δὲ
1372 1186 1435 1232 τὴν
1460 1184 1700 1231 ἐπιτιθεμένην
1726 1185 1786 1230 βα·

1073 1242 1199 1277 σιλείαν
1223 1243 1266 1291 τῇ
1290 1241 1396 1277 εἰκόνι
1417 1261 1464 1268 —-
1487 1242 1528 1277 ἐκ
1544 1241 1699 1289 σταχύων
1724 1240 1789 1288 δύο,
1827 1267 1834 1287 ,3

1073 1301 1127 1344 56,
1146 1306 1200 1334 62.
1240 1300 1419 1347 ἀναφέρειν
1450 1298 1510 1338 τὰς
1541 1298 1633 1346 ἱερὰς
1655 1297 1785 1346 παρθὲ·
1831 1316 1838 1350 j

1071 1369 1151 1395 νους
1182 1356 1308 1404 στάχυς
1338 1355 1419 1394 τοὺς
1441 1355 1784 1403 παρατεθησομένους
1829 1361 1834 1373 ·”

1071 1413 1121 1460 τῷ
1143 1413 1313 1461 ἀγάλματι
1335 1416 1398 1460 τῆς
1421 1411 1503 1448 θεοῦ
1527 1414 1583 1457 56,
1602 1419 1642 1447 68
1835 1410 1838 1411 ⁷

1026 1470 1194 1516 στεγάζω·
1225 1470 1438 1517 στεγάζοντες
1462 1469 1565 1509 αύτὰς
1597 1469 1668 1514 (τὰς
1692 1481 1785 1515 περι·
1824 1514 1827 1515 ⁷

1073 1527 1214 1570 στάσεις)
1240 1531 1453 1575 παραχρῆμα
1475 1527 1615 1574 γείσεσιν
1640 1525 1783 1564 λιθίνοις
1822 1563 1824 1565 ,

1071 1585 1373 1628 483,126.130.
1427 1583 1507 1619 ὅταν
1555 1582 1784 1647 στεγασθῶσιν

1071 1643 1232 1686 483,134
1326 1643 1329 1645 ’

1026 1698 1214 1746 στεγαστρίς
1242 1699 1317 1742 109,
1335 1706 1352 1732 4

1024 1756 1127 1804 στέγη
1152 1757 1230 1800 665,
1250 1763 1291 1790 25

1025 1813 1175 1860 στεγνός’
1214 1812 1272 1848 ἵνα
1307 1812 1340 1847 οἱ
1378 1812 1490 1859 κύριοι
1525 1810 1661 1858 στεγνὰς
1697 1820 1782 1856 παρ-
1831 1802 1854 1842 ts,

1069 1870 1217 1918 έχωνται
1252 1870 1322 1914 (τὰς
1357 1869 1549 1916 δεξαμενάς)
1589 1867 1669 1911 483,
1705 1873 1782 1901 194.
1827 1878 1856 1919 ’.ζ

1070 1928 1118 1974 μὴ
1167 1930 1341 1965 ποιοῦντες
1388 1925 1508 1973 στεγνά
1549 1924 1601 1968 (τὰ
1640 1922 1780 1970 φρέατα)
1820 1955 1825 1971 <

1067 1985 1146 2028 483,
1166 1990 1242 2019 209.
1283 1982 1478 2029 ἐπιμέλειαν
1495 1978 1782 2016 ποιείσθωσαν-
1826 1985 1836 2028 ᾗ

1066 2046 1133 2074 τῶν
1158 2039 1351 2084 ὑπονόμων,
1372 2039 1436 2074 ἐάν
1457 2050 1544 2077 τινες
1576 2038 1624 2084 μὴ
1651 2036 1781 2084 στεγνοὶ
1828 2052 1831 2077 j

1069 2095 1264 2144 ὑπάρχωσιν
1287 2097 1366 2140 483,
1386 2102 1448 2130 223
1815 2101 1858 2115 ·-²

1022 2153 1137 2199 στέγος
1162 2154 1239 2197 619,
1259 2162 1276 2188 5

1020 2209 1164 2258 στείχω·
1196 2210 1384 2258 στείχοντον
1411 2208 1468 2244 ἐπὶ
1494 2212 1603 2244 ταῦτα
1629 2208 1673 2243 τὰ
1695 2207 1781 2254 κτή-
1820 2238 1827 2249 .,

1067 2280 1158 2313 ματα
1183 2267 1215 2301 οἰ
1238 2266 1548 2314 παραχωρήσαντες
1573 2267 1606 2310 2,
1626 2274 1644 2300 6
1810 2294 1830 2321 ,²⁷

1020 2324 1151 2363 στενός·
1186 2324 1230 2359 τὰ
1265 2323 1364 2359 στενά
1393 2323 1501 2359 subst.
1532 2322 1684 2368 fretum:
1718 2322 1779 2357 τὸν
1806 2327 1821 2349 '-

1065 2381 1127 2427 τὴν
1150 2381 1263 2429 ἀρχὴν
1288 2381 1412 2430 ἔχοντα
1425 2385 1494 2415 τῶν
1511 2385 1636 2415 στενῶν
1653 2379 1731 2423 521,
1745 2386 1779 2415 3.

1065 2439 1120 2473 τὸν
1145 2438 1368 2484 περίβλεπτον
1392 2438 1530 2484 κόμητα
1558 2442 1627 2472 τῶν
1651 2441 1776 2472 στενῶν
1850 2459 1854 2463 -

1067 2497 1144 2539 521,
1173 2503 1223 2529 14.
1273 2501 1339 2530 τῶν
1373 2499 1496 2529 στενῶν
1529 2494 1562 2530 οἱ
1589 2492 1779 2540 ναύκληροι
1811 2496 1827 2540 j

1067 2553 1145 2595 521,
1166 2559 1218 2587 18.
1257 2551 1454 2591 κλασσικοῖς
1468 2557 1536 2586 τῶν
1557 2555 1680 2585 στενῶν
1698 2550 1776 2594 521,
1813 2582 1826 2602 ,Δ

1068 2615 1327 2644 24.25.26.28
1819 2603 1825 2631 Ῑ

1022 2665 1244 2713 στενοχωρία·
1277 2665 1332 2700 διὰ
1362 2666 1424 2711 τὴν
1458 2663 1676 2712 ὑπάρχουσαν
1700 2662 1778 2710 περὶ
1809 2674 1816 2706 ᾖ

1065 2723 1108 2757 τὰ
1130 2723 1232 2758 κοινὰ
1255 2721 1481 2770 στενοχωρίαν
1507 2721 1584 2765 339,
1604 2727 1666 2756 103
1814 2731 1817 2761 ζ

1021 2779 1165 2827 στέργω·
1195 2779 1237 2825 ἣν
1263 2780 1281 2814 ὁ
1305 2779 1416 2825 πατὴρ
1442 2777 1576 2825 στέρξας
1599 2776 1776 2822 ὠνόμασεν
1816 2791 1817 2797 ¹

1069 2837 1126 2871 ὁτὲ
1143 2837 1203 2882 μὲν
1222 2835 1403 2882 βασιλείαν,
1421 2834 1478 2869 ὁτὲ
1495 2834 1531 2868 δε
1545 2834 1657 2881 ὅρασιν
1670 2832 1776 2868 αὑτοῦ
1814 2831 1823 2859 -’

1068 2895 1123 2939 56,
1144 2902 1182 2928 55
