1858 3126
212 162 296 203 418
399 161 487 194 V111.
524 161 671 203 Imperii
695 160 846 193 Romani
869 161 1080 203 provinciae
1104 161 1308 194 orientales.
1357 164 1387 195 9.
1412 161 1610 205 Aegyptus.
1673 162 1800 205 [674—

419 300 617 353 γοναικῶν
652 296 656 354 1
689 299 875 340 πασῶν22
905 295 984 340 ἀνὰ
1017 295 1205 354 δραχμὰς
1235 299 1434 356 τέσσαρας
1466 297 1471 355 Ι

419 367 513 409 ὄνου
545 365 714 423 ὀβολοὺς
746 367 817 409 δύο

421 433 578 491 ἁμάξης
609 434 842 492 ἐχούισης23
871 434 1167 493 τετράγωνον24
1197 434 1386 493 δραχμὰς
1415 436 1650 493 τέσσαρες25
1681 436 1687 492 Ι

422 505 578 546 ἱστοῦ26
609 502 798 561 δραχμὰς
828 502 956 547 εἴκοσι

259 585 302 617 30
425 574 637 630 κέρατος27
669 571 869 631 δραΗχμᾶς
899 574 1087 630 τέσσαρες

420 647 552 699 ταφῆς
584 642 900 700 ἀναφερομέΙνης
932 642 1002 685 καὶ
1031 643 1410 700 καταιρερομείιης28
1439 643 1626 700 δραχμὴν
1665 644 1798 700 μ[ί]Ιαν

520 713 763 768 τετρώβολον

213 865 402 906 genetivus
428 864 475 896 sit
499 873 572 905 quo
598 866 633 895 et
659 863 717 895 hic
741 864 777 895 et
802 862 886 895 alibi
919 863 1101 896 indicatur
1125 872 1191 906 pro
1217 872 1374 905 quanam
1399 872 1438 895 re
1464 863 1617 905 vectigal
1641 863 1799 905 penden-

211 922 299 954 dum
324 922 382 963 sit,
415 919 553 966 πορείας
578 919 808 966 ἐξερχομένης
842 922 878 953 et
908 922 969 953 τοῦ
993 918 1113 964 ἀνδρὸς
1139 918 1376 964 ἀναβαίνοντος
1401 921 1432 953 si
1464 920 1554 962 quid
1586 920 1694 955 video
1727 930 1799 954 non

210 980 365 1021 possunt
389 987 460 1010 non
486 978 643 1019 genetivi
674 977 834 1010 absoluti
865 978 1057 1020 temporali
1088 977 1349 1019 significatione
1378 986 1470 1012 esse.
1517 974 1573 1010 ‘In
1606 978 1686 1020 ipsa
1715 986 1801 1020 pro-

209 1036 362 1069 fectione
379 1038 415 1068 et
431 1035 578 1077 quidem
597 1044 639 1067 eo
666 1036 745 1077 ipso
771 1035 947 1076 temporis
971 1037 1107 1077 puncto
1126 1044 1200 1077 quo
1223 1035 1335 1068 homo
1360 1035 1398 1067 in
1414 1035 1594 1068 camelum
1612 1030 1800 1068 ascendit’.

210 1093 302 1126 Nam
320 1091 496 1126 πιτταχίου
524 1093 660 1125 mentio
677 1092 823 1135 indicat,
849 1093 940 1124 haec
956 1101 1106 1134 quoque
1123 1092 1169 1125 ad
1186 1092 1345 1125 camelos
1363 1094 1538 1134 spectare.
1648 1095 1692 1125 22
1723 1093 1803 1126 Hoc

210 1153 470 1193 quaternarum
489 1150 745 1183 drachmarum
759 1149 913 1191 vectigal
931 1150 1091 1182 accessio
1104 1158 1184 1182 esse
1202 1149 1347 1182 videtur
1363 1158 1491 1182 eorum
1508 1158 1602 1192 quae
1614 1159 1650 1183 v.
1666 1152 1798 1182 46-20

209 1208 327 1241 tribus
361 1208 527 1240 diseretis
554 1207 750 1239 mulierum
775 1207 970 1248 generibus
995 1207 1244 1250 imponuntur,
1276 1216 1436 1249 quorum
1466 1207 1526 1240 hic
1549 1207 1691 1240 nullum
1721 1216 1802 1240 esse

210 1266 405 1298 discrimen
423 1265 600 1298 adiectivo
620 1269 735 1297 πασῶν
763 1265 980 1297 enuntiatur.
1022 1264 1090 1297 Sed
1107 1273 1181 1306 quo
1201 1266 1307 1306 pacto
1330 1265 1398 1297 hae
1414 1266 1591 1306 quattuor
1607 1264 1801 1298 drachmae

209 1324 353 1365 praeter
370 1323 448 1355 illas
466 1323 592 1364 viginti
610 1324 673 1355 aut
691 1323 837 1355 centum
858 1323 941 1354 octo
959 1322 1011 1354 eis
1028 1322 1245 1364 irrogent-ur,
1263 1321 1463 1355 obscurum
1484 1323 1550 1354 est.
1655 1324 1698 1354 23
1731 1321 1803 1354 Lit-

210 1383 309 1413 terae
332 1373 668 1414 ᾹῘᾸᾹΞΗΟΕΧΟΥ
694 1381 730 1412 in
754 1388 882 1412 rasura
914 1380 1112 1421 rescriptae
1143 1381 1238 1412 sunt.
1294 1379 1463 1412 Ceterum
1493 1379 1662 1421 Jougueti
1692 1379 1800 1412 lectio

211 1439 346 1471 ΘΙΧΟΥ
376 1438 484 1470 Petrii
515 1438 724 1470 testimonio
759 1439 794 1470 et
818 1437 930 1469 Milnii
964 1437 1231 1479 photographia
1262 1436 1450 1470 refutatur.
1576 1439 1618 1469 24
1650 1437 1801 1470 Tectum

211 1496 268 1527 vel
294 1495 571 1528 tabernaculum
591 1495 853 1537 interpretatur
870 1494 1039 1537 Hogarth,
1067 1494 1136 1527 suh
1154 1503 1227 1536 quo
1245 1494 1405 1527 sederint
1429 1495 1594 1527 homines
1611 1494 1676 1536 qui
1692 1503 1804 1528 curru

210 1553 441 1585 veherentur.
489 1552 580 1585 Nam
619 1562 702 1585 cum
741 1554 967 1585 mercaturae
1003 1553 1151 1585 omnino
1190 1552 1287 1585 nulla
1324 1553 1416 1585 ratio
1452 1551 1631 1585 habeatur
1661 1552 1698 1585 in
1729 1552 1800 1585 hoc

210 1610 396 1651 laterculo,
427 1619 576 1642 currum
604 1619 750 1651 quoque
775 1619 847 1642 non
873 1610 1051 1642 mercium
1076 1611 1257 1652 vecturae,
1291 1609 1355 1642 sed
1384 1609 1575 1642 hominum
1607 1609 1800 1642 itineribus

211 1667 431 1700 destinatum
457 1667 516 1699 hic
540 1667 831 1707 intellegendum.
974 1669 1017 1699 25
1051 1666 1287 1708 perfrequens
1321 1666 1490 1700 inferiore
1521 1667 1638 1700 aetate
1661 1666 1800 1709 ubique

210 1727 391 1757 terrarum
423 1725 482 1757 hic
510 1724 725 1756 nominativi
755 1724 792 1756 in
817 1734 867 1759 -ες
893 1732 959 1765 pro
985 1725 1194 1757 accusativo
1227 1725 1263 1756 in
1294 1735 1350 1761 -ας
1382 1724 1532 1757 cadente
1559 1733 1661 1758 usus.
1700 1724 1801 1758 Non-

209 1783 317 1815 nullis
343 1782 512 1815 Graeciae
537 1782 628 1814 locis
653 1781 742 1814 adeo
767 1781 839 1813 iam
865 1781 1077 1823 antiquitus,
1103 1782 1202 1813 certe
1226 1782 1263 1814 in
1288 1782 1356 1814 hac
1373 1790 1475 1824 voce,
1500 1781 1598 1814 idem
1621 1781 1799 1814 usitatum

210 1842 298 1873 erat.
338 1839 386 1872 Cf.
414 1839 472 1872 Gr.
495 1838 848 1872 Dialektinschristen
872 1838 913 1880 II,
940 1840 1038 1880 4683,
1058 1841 1089 1870 5.
1116 1841 1133 1870 6
1159 1838 1269 1880 [μνᾶ]ς
1295 1836 1526 1883 δεκατὲτορες.
1566 1841 1668 1881 4642,
1685 1841 1798 1880 esqq.

209 1895 329 1930 τούσδε
353 1896 375 1930 ἀ
400 1895 497 1933 πόλις
522 1894 660 1932 πολίτας
687 1894 869 1939 ἐποιήσατο
896 1893 1222 1939 συμπολεμήσαντες
1245 1893 1312 1938 τὸμ
1341 1893 1494 1938 πόλεμον
1518 1894 1576 1928 ’καὶ
1604 1894 1675 1938 τὰμ
1699 1894 1800 1928 πόλιν

210 1953 507 1990 συνδιασώισαντες
531 1962 614 1986 cum
640 1954 684 1986 iis
710 1962 803 1995 quae
827 1952 948 1985 attulit
964 1951 1083 1984 editor
1107 1953 1144 1984 in
1169 1953 1275 1985 notis.
1393 1954 1437 1984 26
1469 1951 1583 1984 Malus
1600 1953 1663 1994 qui
1680 1952 1798 1995 Copto

211 2012 255 2044 ad
282 2012 383 2044 littus
410 2011 520 2044 maris
538 2010 650 2043 Rubri
668 2011 839 2053 portatur
855 2011 896 2042 ut
920 2010 992 2042 illie
1010 2009 1091 2042 navi
1117 2010 1336 2051 imponatur.
1377 2008 1469 2042 Nam
1495 2017 1569 2051 quo
1594 2011 1701 2051 pacto
1718 2011 1799 2043 vice

209 2077 316 2101 versa
347 2068 511 2100 accidere
543 2068 715 2110 potuerit,
750 2068 790 2099 ut
820 2068 970 2100 navium
1002 2067 1125 2108 partes
1154 2066 1212 2099 vel
1245 2067 1487 2099 instrumenta
1510 2066 1556 2099 ab
1589 2066 1648 2099 illa
1673 2076 1737 2100 ora
1761 2067 1797 2099 in

210 2126 341 2158 vallem
366 2125 438 2158 Nili
475 2126 715 2167 mitterentur,
753 2134 826 2157 non
863 2125 1091 2166 intellegitur.
1226 2126 1267 2156 27
1307 2124 1480 2157 Antenna.
1529 2124 1604 2157 Hac
1639 2125 1677 2157 vi
1712 2133 1798 2157 sane
1853 2129 1858 2167 ξ

209 2184 428 2226 plerumque
453 2191 584 2214 nomen
610 2182 814 2214 derivatum
840 2180 961 2228 κεραίᾳ
984 2170 1183 2223 usurpatur
1209 2180 1262 2221 (cf.
1288 2180 1486 2224 Sy11.2497‚
1506 2183 1546 2213 44
1573 2178 1734 2227 διελέχθη
1761 2180 1798 2214 δὲ

208 2239 267 2273 καὶ
293 2238 377 2284 ὑπὲρ
400 2237 538 2285 ’κεραίας
561 2237 619 2271 καὶ
645 2237 759 2280 ἱστοῦ),
792 2239 854 2271 sed
881 2238 928 2271 ne’
949 2249 970 2272 a
994 2239 1181 2280 primitivo
1207 2237 1310 2283 κέρας
1334 2239 1483 2280 quidem
1507 2247 1586 2271 eam
1612 2239 1797 2272 notionem

209 2298 363 2331 alienam
387 2305 467 2330 esse
492 2295 597 2328 docet
622 2296 787 2336 Meleagri
814 2297 1038 2337 epigramma
1061 2295 1166 2328 Anth.
1194 2296 1264 2328 Pal.
1282 2295 1323 2338 V,
1351 2299 1392 2328 20
1402 2298 1429 2339 4,
1454 2298 1484 2329 3.
1507 2297 1525 2328 ¹»
1560 2291 1632 2329 ἀλλ’
1654 2293 1710 2328 ἐπὶ
1735 2296 1797 2339 μὲν

208 2357 343 2388 νώτοισι
375 2352 597 2398 μετάφρενον,
630 2353 676 2389 ὡς
706 2351 809 2397 ’κέρας
844 2352 934 2397 ἱστῷ,
964 2355 1147 2397 κυρτοῦται
1179 2355 1215 2386 et
1240 2353 1389 2386 Luciani
1414 2353 1516 2386 locus
1540 2353 1662 2386 Amor.
1686 2356 1705 2385 6
1738 2352 1796 2385 τὸν

210 2411 299 2444 ἱστὸν
326 2410 365 2444 ἐκ
388 2415 456 2443 τῶν
483 2408 693 2454 μεσοκοίλων
719 2407 859 2452 ἄραντες
883 2409 1062 2455 καρχησίῳ
1079 2409 1116 2443 τὸ
1137 2409 1239 2455 κέρας
1257 2409 1552 2456 προσεστείλαμεν.
1593 2410 1634 2443 Α.
1652 2410 1797 2443 Boeckh

209 2468 400 2500 Urkunden
424 2467 518 2500 iiber
542 2467 605 2499 das
631 2467 820 2498 Seewesen
845 2468 878 2498 d.
897 2467 976 2498 Ath.
1004 2476 1037 2508 p.
1057 2470 1135 2501 431.
1268 2470 1311 2500 28
1343 2468 1405 2500 illa
1429 2469 1544 2500 aetate
1569 2468 1605 2500 in
1628 2466 1794 2509 Aegypto
1831 2475 1842 2495 *e

207 2524 299 2570 ταφή
326 2525 396 2558 dici
428 2533 494 2567 pro
519 2523 626 2568 τάφος
655 2523 805 2556 adnotat
829 2523 1000 2565 Hogarth‚
1033 2524 1097 2556 sed
1129 2525 1161 2556 ei
1193 2524 1448 2565 significationi
1478 2524 1539 2556 hic
1569 2524 1690 2557 locum
1723 2533 1796 2556 non
1832 2507 1848 2540 ³⁷

209 2590 288 2614 esse
313 2582 392 2623 ipse
416 2580 517 2622 vidit,
543 2581 629 2622 quia
646 2580 853 2622 sepulcrum
879 2579 962 2611 ferri
988 2578 1229 2623 (ἀναφέρεσθαι
1252 2580 1309 2613 καὶ
1331 2579 1593 2624 καταφέρεσθαι)
1618 2581 1794 2622 nequiret.

210 2638 277 2671 Sed
308 2639 407 2681 quod
441 2639 517 2680 ipse
547 2637 777 2679 interpretari
807 2637 926 2669 voluit
958 2637 1195 2679 sepulturam,
1228 2638 1370 2669 mireris
1402 2646 1485 2669 eum
1511 2636 1656 2679 fugisse,
1689 2638 1795 2679 plane
1837 2652 1855 2671 .‹

209 2697 305 2729 idem
331 2696 440 2728 etiam
466 2696 502 2727 in
528 2695 619 2727 hanc
644 2695 859 2727 sententiam
886 2693 1029 2735 cadere3
1063 2702 1140 2725 rem
1166 2702 1391 2736 corpoream,
1423 2702 1494 2726 non
1525 2694 1705 2726 actionem
1731 2695 1796 2727 ali·

209 2763 319 2796 quam
346 2755 408 2786 aut
433 2753 700 2794 caerimoniam,
730 2752 880 2784 indicari
911 2760 956 2784 ex
980 2751 1182 2793 participiis
1207 2750 1367 2791 colligas.
1415 2750 1467 2783 Ac
1490 2750 1689 2792 Jouguetus
1714 2752 1794 2793 qui·
1819 2752 1849 2835 ξ

210 2811 293 2844 dem
311 2810 578 2852 sarcophagum
598 2807 772 2851 (ceremil)
799 2809 982 2850 intellegit.
1024 2808 1088 2841 Cui
1114 2808 1402 2849 interpretationi
1424 2808 1524 2850 quod
1549 2808 1714 2841 obmovit
1740 2809 1792 2851 H.,
1819 2812 1858 2853 24³3

210 2869 262 2900 sic
286 2865 544 2912 ἀναφερομένης
568 2867 716 2909 quidem
733 2866 963 2909 probabilem
986 2865 1118 2898 habere
1141 2864 1427 2907 explicationem,
1454 2874 1570 2907 neque
1587 2874 1673 2898 vero
1689 2876 1794 2898 κατα·
1809 2848 1858 2921 {⁷¹

210 2923 413 2970 φερομένης,
450 2925 536 2966 quia
571 2933 615 2956 ex
646 2924 738 2956 valle
770 2923 840 2956 Nili
877 2923 1069 2955 hominum
1102 2921 1354 2955 defunctorum
1386 2930 1543 2964 corpora
1577 2931 1725 2955 sursum
1756 2914 1843 2987 ίιιξ·Δ

1851 2298 1858 2354 3}

1851 2370 1858 2408 t
