<?xml version="1.0" encoding="UTF-8"?>
<!DOCTYPE html PUBLIC "-//W3C//DTD XHTML 1.0 Transitional//EN"
    "http://www.w3.org/TR/xhtml1/DTD/xhtml1-transitional.dtd">
<html xmlns="http://www.w3.org/1999/xhtml" xml:lang="en" lang="en">
 <head>
  <title>
</title>
<meta http-equiv="Content-Type" content="text/html;charset=utf-8" />
  <meta name='ocr-system' content='tesseract 3.04.00' />
  <meta name='ocr-capabilities' content='ocr_page ocr_carea ocr_par ocr_line ocrx_word'/>
</head>
<body>
  <div class='ocr_page' id='page_1' title='image "./orientisgraeciin02dittuoft/orientisgraeciin02dittuoft_0557.png"; bbox 0 0 1858 3126; ppageno 0'>
   <div class='ocr_carea' id='block_1_1' title="bbox 597 129 1629 171">
    <p class='ocr_par' dir='ltr' id='par_1_1' title="bbox 597 129 1629 171">
     <span class='ocr_line' id='line_1_1' title="bbox 597 129 1629 171; baseline 0.003 -8"><span class='ocrx_word' id='word_1_1' title='bbox 597 129 771 164; x_wconf 80' lang='lat' dir='ltr'><strong>Addenda</strong></span> <span class='ocrx_word' id='word_1_2' title='bbox 794 130 831 163; x_wconf 92' lang='lat' dir='ltr'><strong>et</strong></span> <span class='ocrx_word' id='word_1_3' title='bbox 853 129 1082 171; x_wconf 78' lang='lat' dir='ltr'>Corrigenda.</span> <span class='ocrx_word' id='word_1_4' title='bbox 1546 131 1629 171; x_wconf 88' lang='grc'><strong>543</strong></span> 
     </span>
    </p>
   </div>
   <div class='ocr_carea' id='block_1_2' title="bbox 0 265 1630 2928">
    <p class='ocr_par' dir='ltr' id='par_1_2' title="bbox 139 265 1630 370">
     <span class='ocr_line' id='line_1_2' title="bbox 139 265 1630 314; baseline -0.003 -10"><span class='ocrx_word' id='word_1_5' title='bbox 139 271 243 314; x_wconf 82' lang='lat' dir='ltr'><strong>parte</strong></span> <span class='ocrx_word' id='word_1_6' title='bbox 266 269 443 303; x_wconf 81' lang='lat' dir='ltr'><strong>Wilckenl</strong></span> <span class='ocrx_word' id='word_1_7' title='bbox 466 270 656 302; x_wconf 86' lang='lat' dir='ltr'><strong>inventum</strong></span> <span class='ocrx_word' id='word_1_8' title='bbox 680 275 899 309; x_wconf 76' lang='lat' dir='ltr'><strong>magnopere</strong></span> <span class='ocrx_word' id='word_1_9' title='bbox 922 266 1068 308; x_wconf 77' lang='lat' dir='ltr'>arridet,</span> <span class='ocrx_word' id='word_1_10' title='bbox 1093 266 1158 299; x_wconf 87' lang='lat' dir='ltr'><strong>sed</strong></span> <span class='ocrx_word' id='word_1_11' title='bbox 1180 275 1268 298; x_wconf 90' lang='lat' dir='ltr'><strong>num</strong></span> <span class='ocrx_word' id='word_1_12' title='bbox 1293 265 1458 308; x_wconf 82' lang='lat' dir='ltr'>synodus</span> <span class='ocrx_word' id='word_1_13' title='bbox 1482 266 1527 299; x_wconf 88' lang='lat' dir='ltr'><strong>de</strong></span> <span class='ocrx_word' id='word_1_14' title='bbox 1551 267 1630 299; x_wconf 88' lang='lat' dir='ltr'><strong>suis</strong></span> 
     </span>
     <span class='ocr_line' id='line_1_3' title="bbox 139 321 1528 370; baseline -0.004 -9"><span class='ocrx_word' id='word_1_15' title='bbox 139 328 256 370; x_wconf 84' lang='lat' dir='ltr'><strong>ipeIus</strong></span> <span class='ocrx_word' id='word_1_16' title='bbox 278 327 420 369; x_wconf 86' lang='lat' dir='ltr'><strong>legibus</strong></span> <span class='ocrx_word' id='word_1_17' title='bbox 444 325 625 359; x_wconf 87' lang='lat' dir='ltr'><strong>adiectivo</strong></span> <span class='ocrx_word' id='word_1_18' title='bbox 651 322 827 360; x_wconf 73' lang='grc' dir='ltr'><strong>συνοδιιὸς</strong></span> <span class='ocrx_word' id='word_1_19' title='bbox 849 321 954 367; x_wconf 72' lang='grc' dir='ltr'><strong>νόμος</strong></span> <span class='ocrx_word' id='word_1_20' title='bbox 978 331 1090 356; x_wconf 87' lang='lat' dir='ltr'><strong>usura</strong></span> <span class='ocrx_word' id='word_1_21' title='bbox 1114 322 1222 355; x_wconf 83' lang='lat' dir='ltr'><strong>fuerit</strong></span> <span class='ocrx_word' id='word_1_22' title='bbox 1246 325 1367 356; x_wconf 92' lang='lat' dir='ltr'><strong>tamen</strong></span> <span class='ocrx_word' id='word_1_23' title='bbox 1391 322 1528 356; x_wconf 83' lang='lat' dir='ltr'><strong>dublto.</strong></span> 
     </span>
    </p>

    <p class='ocr_par' dir='ltr' id='par_1_3' title="bbox 47 379 1629 938">
     <span class='ocr_line' id='line_1_4' title="bbox 47 379 1628 426; baseline -0.004 -8"><span class='ocrx_word' id='word_1_24' title='bbox 47 385 85 420; x_wconf 89' lang='lat' dir='ltr'><strong>P.</strong></span> <span class='ocrx_word' id='word_1_25' title='bbox 104 387 168 418; x_wconf 74' lang='lat'><strong>⁴⁹⁶</strong></span> <span class='ocrx_word' id='word_1_26' title='bbox 193 394 227 421; x_wconf 98' lang='grc' dir='ltr'><strong>ιι.</strong></span> <span class='ocrx_word' id='word_1_27' title='bbox 247 386 324 426; x_wconf 73' lang='lat' dir='ltr'><strong>tte,</strong></span> <span class='ocrx_word' id='word_1_28' title='bbox 341 386 373 417; x_wconf 92' lang='grc'><strong>4.</strong></span> <span class='ocrx_word' id='word_1_29' title='bbox 419 382 584 415; x_wconf 87' lang='lat' dir='ltr'><strong>Wilcken</strong></span> <span class='ocrx_word' id='word_1_30' title='bbox 614 381 748 415; x_wconf 81' lang='lat' dir='ltr'><strong>Archiv</strong></span> <span class='ocrx_word' id='word_1_31' title='bbox 777 380 836 414; x_wconf 79' lang='lat' dir='ltr'><strong>rur</strong></span> <span class='ocrx_word' id='word_1_32' title='bbox 867 379 1229 423; x_wconf 79' lang='lat' dir='ltr'><strong>Papyrusrorschung</strong></span> <span class='ocrx_word' id='word_1_33' title='bbox 1254 380 1300 412; x_wconf 82' lang='lat'><strong>111</strong></span> <span class='ocrx_word' id='word_1_34' title='bbox 1331 389 1366 422; x_wconf 90' lang='lat' dir='ltr'><strong>p.</strong></span> <span class='ocrx_word' id='word_1_35' title='bbox 1384 382 1449 412; x_wconf 72' lang='lat'><strong>82³</strong></span> <span class='ocrx_word' id='word_1_36' title='bbox 1482 379 1628 422; x_wconf 76' lang='lat' dir='ltr'><strong>supplet</strong></span> 
     </span>
     <span class='ocr_line' id='line_1_5' title="bbox 138 435 1629 486; baseline -0.003 -11"><span class='ocrx_word' id='word_1_37' title='bbox 138 440 352 486; x_wconf 54' lang='lat' dir='ltr'><strong>WWWF</strong></span> <span class='ocrx_word' id='word_1_38' title='bbox 378 442 452 477; x_wconf 82' lang='grc' dir='ltr'><strong>τοῖς</strong></span> <span class='ocrx_word' id='word_1_39' title='bbox 475 439 564 472; x_wconf 65' lang='grc' dir='ltr'><strong><em>κατὰ,</em></strong></span> <span class='ocrx_word' id='word_1_40' title='bbox 590 438 653 484; x_wconf 74' lang='grc' dir='ltr'><strong>τὴν</strong></span> <span class='ocrx_word' id='word_1_41' title='bbox 680 435 860 483; x_wconf 65' lang='grc' dir='ltr'><strong>βασιλεῦαν</strong></span> <span class='ocrx_word' id='word_1_42' title='bbox 884 435 1053 483; x_wconf 71' lang='grc' dir='ltr'>γεγονόσιν</span> <span class='ocrx_word' id='word_1_43' title='bbox 1077 435 1322 482; x_wconf 74' lang='grc' dir='ltr'><strong>ἀγνσήμα[σιν],</strong></span> <span class='ocrx_word' id='word_1_44' title='bbox 1354 437 1461 470; x_wconf 86' lang='lat' dir='ltr'><strong>allato</strong></span> <span class='ocrx_word' id='word_1_45' title='bbox 1486 445 1629 480; x_wconf 90' lang='lat' dir='ltr'><strong>papyro</strong></span> 
     </span>
     <span class='ocr_line' id='line_1_6' title="bbox 138 491 1629 542; baseline -0.003 -10"><span class='ocrx_word' id='word_1_46' title='bbox 138 497 239 532; x_wconf 64' lang='lat' dir='ltr'><strong>Tebt.</strong></span> <span class='ocrx_word' id='word_1_47' title='bbox 263 507 299 540; x_wconf 88' lang='lat' dir='ltr'><strong>p.</strong></span> <span class='ocrx_word' id='word_1_48' title='bbox 318 501 349 540; x_wconf 82' lang='lat'><strong>⁵,</strong></span> <span class='ocrx_word' id='word_1_49' title='bbox 372 501 403 531; x_wconf 75' lang='lat'><strong>2.</strong></span> <span class='ocrx_word' id='word_1_50' title='bbox 430 500 466 530; x_wconf 76' lang='lat'><strong>3:</strong></span> <span class='ocrx_word' id='word_1_51' title='bbox 497 494 655 542; x_wconf 67' lang='grc' dir='ltr'><strong>ἀφιᾶσζᾴ</strong></span> <span class='ocrx_word' id='word_1_52' title='bbox 685 494 765 533; x_wconf 80' lang='grc' dir='ltr'>τοὺς</span> <span class='ocrx_word' id='word_1_53' title='bbox 795 493 885 536; x_wconf 65' lang='lat' dir='ltr'><strong>Mite]</strong></span> <span class='ocrx_word' id='word_1_54' title='bbox 913 493 991 539; x_wconf 79' lang='grc' dir='ltr'>τὴ[ν</span> <span class='ocrx_word' id='word_1_55' title='bbox 1022 491 1189 538; x_wconf 65' lang='grc' dir='ltr'><strong>βασιλήων</strong></span> <span class='ocrx_word' id='word_1_56' title='bbox 1220 492 1358 535; x_wconf 55' lang='grc' dir='ltr'>πῌπας</span> <span class='ocrx_word' id='word_1_57' title='bbox 1389 492 1629 538; x_wconf 72' lang='grc' dir='ltr'>ἀγνοημάτων.</span> 
     </span>
     <span class='ocr_line' id='line_1_7' title="bbox 137 550 1629 598; baseline -0.003 -9"><span class='ocrx_word' id='word_1_58' title='bbox 137 556 214 589; x_wconf 78' lang='lat' dir='ltr'><strong>Iam</strong></span> <span class='ocrx_word' id='word_1_59' title='bbox 229 563 413 598; x_wconf 78' lang='lat' dir='ltr'><strong>papyrum</strong></span> <span class='ocrx_word' id='word_1_60' title='bbox 430 554 633 587; x_wconf 88' lang='lat' dir='ltr'><strong>Parisinum</strong></span> <span class='ocrx_word' id='word_1_61' title='bbox 651 555 705 595; x_wconf 75' lang='lat'><strong>⁶3,</strong></span> <span class='ocrx_word' id='word_1_62' title='bbox 722 555 765 584; x_wconf 77' lang='lat'><strong>⁴³</strong></span> <span class='ocrx_word' id='word_1_63' title='bbox 790 552 918 585; x_wconf 87' lang='lat' dir='ltr'><strong>testari</strong></span> <span class='ocrx_word' id='word_1_64' title='bbox 932 551 1181 584; x_wconf 87' lang='lat' dir='ltr'><strong>Ptolemaeum</strong></span> <span class='ocrx_word' id='word_1_65' title='bbox 1196 550 1258 583; x_wconf 85' lang='lat' dir='ltr'><strong>vu</strong></span> <span class='ocrx_word' id='word_1_66' title='bbox 1274 551 1520 584; x_wconf 72' lang='lat' dir='ltr'><strong>Philometor-a</strong></span> <span class='ocrx_word' id='word_1_67' title='bbox 1543 559 1629 584; x_wconf 86' lang='lat' dir='ltr'><strong>cum</strong></span> 
     </span>
     <span class='ocr_line' id='line_1_8' title="bbox 137 608 1629 654; baseline -0.003 -9"><span class='ocrx_word' id='word_1_68' title='bbox 137 612 196 645; x_wconf 93' lang='lat' dir='ltr'><strong>die</strong></span> <span class='ocrx_word' id='word_1_69' title='bbox 225 615 280 645; x_wconf 83' lang='grc'><strong>47.</strong></span> <span class='ocrx_word' id='word_1_70' title='bbox 303 621 351 645; x_wconf 92' lang='lat' dir='ltr'><strong>m.</strong></span> <span class='ocrx_word' id='word_1_71' title='bbox 373 611 527 654; x_wconf 79' lang='lat' dir='ltr'><strong>Augusti</strong></span> <span class='ocrx_word' id='word_1_72' title='bbox 551 613 617 643; x_wconf 76' lang='grc'><strong>463</strong></span> <span class='ocrx_word' id='word_1_73' title='bbox 642 619 673 644; x_wconf 92' lang='lat' dir='ltr'><strong>a.</strong></span> <span class='ocrx_word' id='word_1_74' title='bbox 691 609 772 643; x_wconf 91' lang='lat' dir='ltr'><strong>Chr.</strong></span> <span class='ocrx_word' id='word_1_75' title='bbox 790 618 824 642; x_wconf 87' lang='lat' dir='ltr'><strong>n.</strong></span> <span class='ocrx_word' id='word_1_76' title='bbox 857 617 1010 651; x_wconf 84' lang='lat' dir='ltr'><strong>regnum</strong></span> <span class='ocrx_word' id='word_1_77' title='bbox 1039 610 1282 650; x_wconf 73' lang='lat' dir='ltr'><strong>recuperaret,</strong></span> <span class='ocrx_word' id='word_1_78' title='bbox 1312 608 1365 640; x_wconf 82' lang='lat' dir='ltr'><strong>eis</strong></span> <span class='ocrx_word' id='word_1_79' title='bbox 1395 609 1461 649; x_wconf 90' lang='lat' dir='ltr'><strong>qui</strong></span> <span class='ocrx_word' id='word_1_80' title='bbox 1491 608 1629 651; x_wconf 86' lang='lat' dir='ltr'><strong>aliquid</strong></span> 
     </span>
     <span class='ocr_line' id='line_1_9' title="bbox 136 664 1629 711; baseline -0.004 -8"><span class='ocrx_word' id='word_1_81' title='bbox 136 670 174 702; x_wconf 89' lang='lat' dir='ltr'><strong>in</strong></span> <span class='ocrx_word' id='word_1_82' title='bbox 197 678 282 703; x_wconf 85' lang='lat' dir='ltr'><strong>enm</strong></span> <span class='ocrx_word' id='word_1_83' title='bbox 306 669 543 711; x_wconf 76' lang='lat' dir='ltr'><strong>deliquissent</strong></span> <span class='ocrx_word' id='word_1_84' title='bbox 565 668 759 710; x_wconf 81' lang='lat' dir='ltr'><strong>ignovisse,</strong></span> <span class='ocrx_word' id='word_1_85' title='bbox 783 675 859 709; x_wconf 89' lang='lat' dir='ltr'><strong>qua</strong></span> <span class='ocrx_word' id='word_1_86' title='bbox 882 667 918 698; x_wconf 89' lang='lat' dir='ltr'><strong>in</strong></span> <span class='ocrx_word' id='word_1_87' title='bbox 942 674 981 699; x_wconf 90' lang='lat' dir='ltr'><strong>re</strong></span> <span class='ocrx_word' id='word_1_88' title='bbox 1005 665 1134 698; x_wconf 89' lang='lat' dir='ltr'><strong>eodem</strong></span> <span class='ocrx_word' id='word_1_89' title='bbox 1158 664 1339 698; x_wconf 87' lang='lat' dir='ltr'><strong>vocabulo</strong></span> <span class='ocrx_word' id='word_1_90' title='bbox 1365 665 1466 706; x_wconf 87' lang='lat' dir='ltr'><strong>quod</strong></span> <span class='ocrx_word' id='word_1_91' title='bbox 1489 665 1550 698; x_wconf 88' lang='lat' dir='ltr'><strong>hic</strong></span> <span class='ocrx_word' id='word_1_92' title='bbox 1574 667 1629 698; x_wconf 60' lang='lat' dir='ltr'><strong>est</strong></span> 
     </span>
     <span class='ocr_line' id='line_1_10' title="bbox 136 719 1629 769; baseline -0.003 -9"><span class='ocrx_word' id='word_1_93' title='bbox 136 727 263 768; x_wconf 85' lang='lat' dir='ltr'><strong>utitur,</strong></span> <span class='ocrx_word' id='word_1_94' title='bbox 295 724 544 762; x_wconf 60' lang='grc' dir='ltr'><strong>ἀπολελυκότες</strong></span> <span class='ocrx_word' id='word_1_95' title='bbox 573 723 701 762; x_wconf 80' lang='grc' dir='ltr'><strong>πάντας</strong></span> <span class='ocrx_word' id='word_1_96' title='bbox 723 722 803 761; x_wconf 83' lang='grc' dir='ltr'><strong>τοὺς</strong></span> <span class='ocrx_word' id='word_1_97' title='bbox 826 721 1075 769; x_wconf 70' lang='grc' dir='ltr'><strong>ἐνεσχημένους</strong></span> <span class='ocrx_word' id='word_1_98' title='bbox 1101 721 1136 755; x_wconf 77' lang='grc' dir='ltr'><strong>ἐν</strong></span> <span class='ocrx_word' id='word_1_99' title='bbox 1167 732 1251 754; x_wconf 80' lang='grc' dir='ltr'><strong>τισιν</strong></span> <span class='ocrx_word' id='word_1_100' title='bbox 1277 719 1500 766; x_wconf 74' lang='grc' dir='ltr'><strong>άγνοήμασιν.</strong></span> <span class='ocrx_word' id='word_1_101' title='bbox 1548 721 1629 755; x_wconf 83' lang='grc' dir='ltr'><strong>Νοιι</strong></span> 
     </span>
     <span class='ocr_line' id='line_1_11' title="bbox 136 778 1628 826; baseline -0.005 -9"><span class='ocrx_word' id='word_1_102' title='bbox 136 782 424 826; x_wconf 67' lang='lat' dir='ltr'><strong>improbabiliter</strong></span> <span class='ocrx_word' id='word_1_103' title='bbox 438 783 550 825; x_wconf 80' lang='lat' dir='ltr'><strong>igItur</strong></span> <span class='ocrx_word' id='word_1_104' title='bbox 565 782 611 815; x_wconf 91' lang='lat' dir='ltr'><strong>ad</strong></span> <span class='ocrx_word' id='word_1_105' title='bbox 626 781 778 815; x_wconf 87' lang='lat' dir='ltr'><strong>eandem</strong></span> <span class='ocrx_word' id='word_1_106' title='bbox 795 781 1010 814; x_wconf 73' lang='lat' dir='ltr'><strong>amnestiam</strong></span> <span class='ocrx_word' id='word_1_107' title='bbox 1027 781 1136 812; x_wconf 90' lang='lat' dir='ltr'><strong>etiam</strong></span> <span class='ocrx_word' id='word_1_108' title='bbox 1154 779 1253 812; x_wconf 89' lang='lat' dir='ltr'><strong>hunc</strong></span> <span class='ocrx_word' id='word_1_109' title='bbox 1268 778 1416 811; x_wconf 89' lang='lat' dir='ltr'><strong>titulum</strong></span> <span class='ocrx_word' id='word_1_110' title='bbox 1433 779 1569 812; x_wconf 75' lang='lat' dir='ltr'><strong>reterri.</strong></span> <span class='ocrx_word' id='word_1_111' title='bbox 1581 796 1628 803; x_wconf 89' lang='lat'>—</span> 
     </span>
     <span class='ocr_line' id='line_1_12' title="bbox 135 834 1628 886; baseline -0.003 -13"><span class='ocrx_word' id='word_1_112' title='bbox 135 849 171 873; x_wconf 80' lang='lat' dir='ltr'><strong>v.</strong></span> <span class='ocrx_word' id='word_1_113' title='bbox 190 842 209 872; x_wconf 76' lang='lat'><em>8</em></span> <span class='ocrx_word' id='word_1_114' title='bbox 233 834 369 886; x_wconf 74' lang='grc' dir='ltr'><strong>χρ]ᾶσθ’</strong></span> <span class='ocrx_word' id='word_1_115' title='bbox 384 838 491 873; x_wconf 66' lang='lat' dir='ltr'><strong>«emm</strong></span> <span class='ocrx_word' id='word_1_116' title='bbox 522 840 678 872; x_wconf 88' lang='lat' dir='ltr'><strong>coniecit</strong></span> <span class='ocrx_word' id='word_1_117' title='bbox 701 838 876 880; x_wconf 86' lang='lat' dir='ltr'><strong>Wilcken‚</strong></span> <span class='ocrx_word' id='word_1_118' title='bbox 905 837 1022 871; x_wconf 88' lang='lat' dir='ltr'><strong>allatis</strong></span> <span class='ocrx_word' id='word_1_119' title='bbox 1053 836 1234 871; x_wconf 87' lang='lat' dir='ltr'><strong>nonnullis</strong></span> <span class='ocrx_word' id='word_1_120' title='bbox 1266 845 1494 878; x_wconf 88' lang='lat' dir='ltr'><strong>papyrorum</strong></span> <span class='ocrx_word' id='word_1_121' title='bbox 1527 837 1628 869; x_wconf 88' lang='lat' dir='ltr'><strong>testi-</strong></span> 
     </span>
     <span class='ocr_line' id='line_1_13' title="bbox 135 893 1629 938; baseline -0.003 -8"><span class='ocrx_word' id='word_1_122' title='bbox 135 897 272 931; x_wconf 86' lang='lat' dir='ltr'><strong>moniis</strong></span> <span class='ocrx_word' id='word_1_123' title='bbox 306 897 351 930; x_wconf 90' lang='lat' dir='ltr'><strong>de</strong></span> <span class='ocrx_word' id='word_1_124' title='bbox 380 897 627 930; x_wconf 89' lang='lat' dir='ltr'><strong>contractione</strong></span> <span class='ocrx_word' id='word_1_125' title='bbox 658 897 694 928; x_wconf 85' lang='lat' dir='ltr'><strong>in</strong></span> <span class='ocrx_word' id='word_1_126' title='bbox 723 899 763 938; x_wconf 78' lang='grc' dir='ltr'><strong>ἃ,</strong></span> <span class='ocrx_word' id='word_1_127' title='bbox 796 904 890 938; x_wconf 89' lang='lat' dir='ltr'><strong>quae</strong></span> <span class='ocrx_word' id='word_1_128' title='bbox 920 894 1067 927; x_wconf 90' lang='lat' dir='ltr'><strong>omnino</strong></span> <span class='ocrx_word' id='word_1_129' title='bbox 1098 895 1201 927; x_wconf 85' lang='lat' dir='ltr'><strong>extra</strong></span> <span class='ocrx_word' id='word_1_130' title='bbox 1230 893 1387 926; x_wconf 77' lang='lat' dir='ltr'><strong>Atticam</strong></span> <span class='ocrx_word' id='word_1_131' title='bbox 1426 894 1629 926; x_wconf 76' lang='lat' dir='ltr'><strong>recentiore</strong></span> 
     </span>
    </p>

    <p class='ocr_par' dir='ltr' id='par_1_4' title="bbox 0 956 544 989">
     <span class='ocr_line' id='line_1_14' title="bbox 0 956 544 989; baseline 0.004 -4"><span class='ocrx_word' id='word_1_132' title='bbox 0 983 2 985; x_wconf 87' lang='lat'><strong>.</strong></span> <span class='ocrx_word' id='word_1_133' title='bbox 136 956 253 989; x_wconf 84' lang='lat' dir='ltr'><strong>aetate</strong></span> <span class='ocrx_word' id='word_1_134' title='bbox 276 963 350 988; x_wconf 92' lang='lat' dir='ltr'><strong>non</strong></span> <span class='ocrx_word' id='word_1_135' title='bbox 373 963 456 988; x_wconf 85' lang='lat' dir='ltr'><strong>rara</strong></span> <span class='ocrx_word' id='word_1_136' title='bbox 478 956 544 987; x_wconf 85' lang='lat' dir='ltr'><strong>est.</strong></span> 
     </span>
    </p>

    <p class='ocr_par' dir='ltr' id='par_1_5' title="bbox 43 1008 1628 2532">
     <span class='ocr_line' id='line_1_15' title="bbox 43 1008 1627 1054; baseline -0.004 -9"><span class='ocrx_word' id='word_1_137' title='bbox 43 1011 80 1046; x_wconf 88' lang='lat' dir='ltr'><strong>P.</strong></span> <span class='ocrx_word' id='word_1_138' title='bbox 98 1013 164 1044; x_wconf 69' lang='grc'><strong>204</strong></span> <span class='ocrx_word' id='word_1_139' title='bbox 188 1021 223 1045; x_wconf 93' lang='grc' dir='ltr'><strong>ιι.</strong></span> <span class='ocrx_word' id='word_1_140' title='bbox 242 1013 318 1044; x_wconf 70' lang='grc'><strong>484.</strong></span> <span class='ocrx_word' id='word_1_141' title='bbox 365 1011 580 1054; x_wconf 71' lang='lat' dir='ltr'><strong>Magnopere</strong></span> <span class='ocrx_word' id='word_1_142' title='bbox 603 1011 715 1052; x_wconf 90' lang='lat' dir='ltr'><strong>dolui,</strong></span> <span class='ocrx_word' id='word_1_143' title='bbox 744 1010 844 1052; x_wconf 91' lang='lat' dir='ltr'><strong>quod</strong></span> <span class='ocrx_word' id='word_1_144' title='bbox 868 1009 904 1042; x_wconf 89' lang='lat' dir='ltr'><strong>U.</strong></span> <span class='ocrx_word' id='word_1_145' title='bbox 922 1009 1113 1042; x_wconf 82' lang='lat' dir='ltr'><strong>Wilekenii</strong></span> <span class='ocrx_word' id='word_1_146' title='bbox 1143 1008 1188 1041; x_wconf 90' lang='lat' dir='ltr'><strong>de</strong></span> <span class='ocrx_word' id='word_1_147' title='bbox 1218 1008 1287 1041; x_wconf 89' lang='lat' dir='ltr'><strong>hoc</strong></span> <span class='ocrx_word' id='word_1_148' title='bbox 1317 1008 1413 1040; x_wconf 87' lang='lat' dir='ltr'><strong>tituli</strong></span> <span class='ocrx_word' id='word_1_149' title='bbox 1438 1008 1627 1050; x_wconf 86' lang='lat' dir='ltr'><strong>sententia,</strong></span> 
     </span>
     <span class='ocr_line' id='line_1_16' title="bbox 135 1064 1627 1108; baseline -0.004 -6"><span class='ocrx_word' id='word_1_150' title='bbox 135 1069 203 1102; x_wconf 86' lang='lat' dir='ltr'><strong>etsi</strong></span> <span class='ocrx_word' id='word_1_151' title='bbox 234 1069 307 1102; x_wconf 83' lang='lat' dir='ltr'><strong>iam</strong></span> <span class='ocrx_word' id='word_1_152' title='bbox 339 1077 433 1102; x_wconf 90' lang='lat' dir='ltr'><strong>anno</strong></span> <span class='ocrx_word' id='word_1_153' title='bbox 467 1070 556 1101; x_wconf 77' lang='grc'><strong>4896</strong></span> <span class='ocrx_word' id='word_1_154' title='bbox 586 1067 779 1108; x_wconf 86' lang='lat' dir='ltr'><strong>(Deutsche</strong></span> <span class='ocrx_word' id='word_1_155' title='bbox 810 1066 1150 1106; x_wconf 86' lang='lat' dir='ltr'><strong>Litteraturzeitung</strong></span> <span class='ocrx_word' id='word_1_156' title='bbox 1182 1074 1216 1106; x_wconf 91' lang='lat' dir='ltr'><strong>p.</strong></span> <span class='ocrx_word' id='word_1_157' title='bbox 1238 1065 1337 1104; x_wconf 82' lang='grc'><strong>4388)</strong></span> <span class='ocrx_word' id='word_1_158' title='bbox 1370 1064 1508 1106; x_wconf 84' lang='lat' dir='ltr'><strong>publici</strong></span> <span class='ocrx_word' id='word_1_159' title='bbox 1536 1065 1627 1097; x_wconf 88' lang='lat' dir='ltr'><strong>iuris</strong></span> 
     </span>
     <span class='ocr_line' id='line_1_17' title="bbox 135 1121 1628 1168; baseline -0.004 -9"><span class='ocrx_word' id='word_1_160' title='bbox 135 1126 228 1159; x_wconf 81' lang='lat' dir='ltr'><strong>iacta</strong></span> <span class='ocrx_word' id='word_1_161' title='bbox 251 1126 317 1168; x_wconf 84' lang='lat' dir='ltr'><strong>est,</strong></span> <span class='ocrx_word' id='word_1_162' title='bbox 342 1134 401 1158; x_wconf 89' lang='lat' dir='ltr'><strong>me</strong></span> <span class='ocrx_word' id='word_1_163' title='bbox 424 1124 525 1166; x_wconf 74' lang='lat' dir='ltr'><strong>fugit.</strong></span> <span class='ocrx_word' id='word_1_164' title='bbox 572 1124 664 1158; x_wconf 86' lang='lat' dir='ltr'><strong>Nam</strong></span> <span class='ocrx_word' id='word_1_165' title='bbox 689 1133 771 1157; x_wconf 90' lang='lat' dir='ltr'><strong>cum</strong></span> <span class='ocrx_word' id='word_1_166' title='bbox 806 1125 1083 1156; x_wconf 89' lang='lat' dir='ltr'><strong>monumentum</strong></span> <span class='ocrx_word' id='word_1_167' title='bbox 1109 1121 1414 1154; x_wconf 87' lang='lat' dir='ltr'><strong>obscurissimum</strong></span> <span class='ocrx_word' id='word_1_168' title='bbox 1440 1121 1628 1154; x_wconf 83' lang='lat' dir='ltr'><strong>videretur</strong></span> 
     </span>
     <span class='ocr_line' id='line_1_18' title="bbox 133 1178 1626 1223; baseline -0.004 -8"><span class='ocrx_word' id='word_1_169' title='bbox 133 1182 279 1215; x_wconf 88' lang='lat' dir='ltr'><strong>tandem</strong></span> <span class='ocrx_word' id='word_1_170' title='bbox 302 1191 375 1216; x_wconf 91' lang='lat' dir='ltr'><strong>non</strong></span> <span class='ocrx_word' id='word_1_171' title='bbox 396 1182 474 1214; x_wconf 76' lang='lat' dir='ltr'><strong>stne</strong></span> <span class='ocrx_word' id='word_1_172' title='bbox 490 1181 664 1223; x_wconf 85' lang='lat' dir='ltr'><strong>gravibus</strong></span> <span class='ocrx_word' id='word_1_173' title='bbox 681 1180 864 1222; x_wconf 83' lang='lat' dir='ltr'><strong>scrupulis</strong></span> <span class='ocrx_word' id='word_1_174' title='bbox 881 1181 918 1212; x_wconf 92' lang='lat' dir='ltr'><strong>in</strong></span> <span class='ocrx_word' id='word_1_175' title='bbox 935 1179 1116 1212; x_wconf 84' lang='lat' dir='ltr'><strong>Letronnii</strong></span> <span class='ocrx_word' id='word_1_176' title='bbox 1134 1178 1429 1220; x_wconf 75' lang='lat' dir='ltr'><strong>interpretatione</strong></span> <span class='ocrx_word' id='word_1_177' title='bbox 1446 1179 1626 1220; x_wconf 84' lang='lat' dir='ltr'><strong>acquievi,</strong></span> 
     </span>
     <span class='ocr_line' id='line_1_19' title="bbox 136 1234 1626 1279; baseline -0.003 -6"><span class='ocrx_word' id='word_1_178' title='bbox 136 1239 200 1273; x_wconf 90' lang='lat' dir='ltr'><strong>sed</strong></span> <span class='ocrx_word' id='word_1_179' title='bbox 229 1247 326 1272; x_wconf 86' lang='lat' dir='ltr'><strong>nunc</strong></span> <span class='ocrx_word' id='word_1_180' title='bbox 355 1240 428 1272; x_wconf 88' lang='lat' dir='ltr'><strong>iam</strong></span> <span class='ocrx_word' id='word_1_181' title='bbox 451 1238 549 1271; x_wconf 89' lang='lat' dir='ltr'><strong>nulla</strong></span> <span class='ocrx_word' id='word_1_182' title='bbox 573 1247 618 1270; x_wconf 80' lang='lat' dir='ltr'><strong>ex</strong></span> <span class='ocrx_word' id='word_1_183' title='bbox 642 1239 744 1279; x_wconf 87' lang='lat' dir='ltr'><strong>parte</strong></span> <span class='ocrx_word' id='word_1_184' title='bbox 768 1236 922 1269; x_wconf 90' lang='lat' dir='ltr'><strong>dubium</strong></span> <span class='ocrx_word' id='word_1_185' title='bbox 947 1236 1036 1268; x_wconf 87' lang='lat' dir='ltr'><strong>mihi</strong></span> <span class='ocrx_word' id='word_1_186' title='bbox 1061 1235 1216 1276; x_wconf 82' lang='lat' dir='ltr'><strong>videtur,</strong></span> <span class='ocrx_word' id='word_1_187' title='bbox 1247 1234 1476 1267; x_wconf 86' lang='lat' dir='ltr'><strong>Wilckenum</strong></span> <span class='ocrx_word' id='word_1_188' title='bbox 1502 1235 1626 1277; x_wconf 83' lang='lat' dir='ltr'><strong>potius</strong></span> 
     </span>
     <span class='ocr_line' id='line_1_20' title="bbox 137 1291 1627 1334; baseline -0.003 -5"><span class='ocrx_word' id='word_1_189' title='bbox 137 1305 267 1329; x_wconf 86' lang='lat' dir='ltr'><strong>verum</strong></span> <span class='ocrx_word' id='word_1_190' title='bbox 298 1295 444 1329; x_wconf 84' lang='lat' dir='ltr'><strong>vidisse.</strong></span> <span class='ocrx_word' id='word_1_191' title='bbox 491 1295 631 1327; x_wconf 86' lang='lat' dir='ltr'><strong>Etenim</strong></span> <span class='ocrx_word' id='word_1_192' title='bbox 662 1295 750 1327; x_wconf 86' lang='lat' dir='ltr'><strong>natu</strong></span> <span class='ocrx_word' id='word_1_193' title='bbox 783 1294 1030 1326; x_wconf 72' lang='lat' dir='ltr'><strong>minorem-ax</strong></span> <span class='ocrx_word' id='word_1_194' title='bbox 1055 1292 1249 1325; x_wconf 82' lang='lat' dir='ltr'><strong>Ptolemaei</strong></span> <span class='ocrx_word' id='word_1_195' title='bbox 1267 1291 1296 1323; x_wconf 86' lang='lat' dir='ltr'>V</span> <span class='ocrx_word' id='word_1_196' title='bbox 1321 1291 1518 1334; x_wconf 83' lang='lat' dir='ltr'><strong>Epiphanis</strong></span> <span class='ocrx_word' id='word_1_197' title='bbox 1542 1291 1627 1325; x_wconf 84' lang='lat' dir='ltr'><strong>liliis</strong></span> 
     </span>
     <span class='ocr_line' id='line_1_21' title="bbox 135 1350 1627 1396; baseline -0.003 -10"><span class='ocrx_word' id='word_1_198' title='bbox 135 1362 202 1396; x_wconf 88' lang='lat' dir='ltr'><strong>per</strong></span> <span class='ocrx_word' id='word_1_199' title='bbox 224 1361 338 1387; x_wconf 87' lang='lat' dir='ltr'><strong>annos</strong></span> <span class='ocrx_word' id='word_1_200' title='bbox 362 1355 490 1385; x_wconf 69' lang='lat' dir='ltr'><strong>tes—⁴</strong></span> <span class='ocrx_word' id='word_1_201' title='bbox 500 1355 543 1384; x_wconf 78' lang='lat'><strong>63</strong></span> <span class='ocrx_word' id='word_1_202' title='bbox 568 1361 599 1385; x_wconf 92' lang='lat' dir='ltr'><strong>a.</strong></span> <span class='ocrx_word' id='word_1_203' title='bbox 622 1351 704 1385; x_wconf 88' lang='lat' dir='ltr'><strong>Chr.</strong></span> <span class='ocrx_word' id='word_1_204' title='bbox 728 1360 801 1384; x_wconf 90' lang='lat' dir='ltr'><strong>una</strong></span> <span class='ocrx_word' id='word_1_205' title='bbox 830 1359 916 1384; x_wconf 90' lang='lat' dir='ltr'><strong>cum</strong></span> <span class='ocrx_word' id='word_1_206' title='bbox 940 1350 1049 1383; x_wconf 79' lang='lat' dir='ltr'><strong>fratre</strong></span> <span class='ocrx_word' id='word_1_207' title='bbox 1073 1350 1211 1382; x_wconf 90' lang='lat' dir='ltr'><strong>maiore</strong></span> <span class='ocrx_word' id='word_1_208' title='bbox 1243 1351 1279 1382; x_wconf 93' lang='lat' dir='ltr'><strong>et</strong></span> <span class='ocrx_word' id='word_1_209' title='bbox 1303 1358 1432 1382; x_wconf 87' lang='lat' dir='ltr'><strong>sorore</strong></span> <span class='ocrx_word' id='word_1_210' title='bbox 1455 1357 1627 1391; x_wconf 81' lang='lat' dir='ltr'><strong>regnasse</strong></span> 
     </span>
     <span class='ocr_line' id='line_1_22' title="bbox 134 1405 1624 1450; baseline -0.003 -7"><span class='ocrx_word' id='word_1_211' title='bbox 134 1418 194 1443; x_wconf 81' lang='lat' dir='ltr'><strong>res</strong></span> <span class='ocrx_word' id='word_1_212' title='bbox 216 1410 422 1443; x_wconf 84' lang='lat' dir='ltr'><strong>certissima</strong></span> <span class='ocrx_word' id='word_1_213' title='bbox 444 1410 500 1442; x_wconf 86' lang='lat' dir='ltr'><strong>est</strong></span> <span class='ocrx_word' id='word_1_214' title='bbox 524 1417 642 1450; x_wconf 91' lang='lat' dir='ltr'><strong>neque</strong></span> <span class='ocrx_word' id='word_1_215' title='bbox 658 1417 821 1450; x_wconf 87' lang='lat' dir='ltr'><strong>unquam</strong></span> <span class='ocrx_word' id='word_1_216' title='bbox 846 1417 866 1440; x_wconf 86' lang='lat' dir='ltr'><strong>a</strong></span> <span class='ocrx_word' id='word_1_217' title='bbox 890 1416 1078 1449; x_wconf 86' lang='lat' dir='ltr'><strong>quoquam</strong></span> <span class='ocrx_word' id='word_1_218' title='bbox 1103 1407 1139 1440; x_wconf 90' lang='lat' dir='ltr'><strong>in</strong></span> <span class='ocrx_word' id='word_1_219' title='bbox 1156 1405 1311 1439; x_wconf 91' lang='lat' dir='ltr'><strong>dubium</strong></span> <span class='ocrx_word' id='word_1_220' title='bbox 1328 1408 1468 1439; x_wconf 87' lang='lat' dir='ltr'><strong>vocata.</strong></span> <span class='ocrx_word' id='word_1_221' title='bbox 1509 1406 1624 1445; x_wconf 86' lang='lat' dir='ltr'><strong>Quem</strong></span> 
     </span>
     <span class='ocr_line' id='line_1_23' title="bbox 134 1460 1627 1510; baseline -0.004 -10"><span class='ocrx_word' id='word_1_222' title='bbox 134 1467 195 1500; x_wconf 88' lang='lat' dir='ltr'><strong>Illo</strong></span> <span class='ocrx_word' id='word_1_223' title='bbox 224 1469 389 1509; x_wconf 82' lang='lat' dir='ltr'><strong>tempore</strong></span> <span class='ocrx_word' id='word_1_224' title='bbox 417 1464 497 1500; x_wconf 70' lang='grc' dir='ltr'><strong>θεὸν</strong></span> <span class='ocrx_word' id='word_1_225' title='bbox 529 1462 754 1510; x_wconf 83' lang='grc' dir='ltr'><strong>Φιλομήτορα</strong></span> <span class='ocrx_word' id='word_1_226' title='bbox 783 1465 1004 1507; x_wconf 88' lang='lat' dir='ltr'><strong>appellatum</strong></span> <span class='ocrx_word' id='word_1_227' title='bbox 1037 1472 1127 1505; x_wconf 88' lang='lat' dir='ltr'><strong>esse,</strong></span> <span class='ocrx_word' id='word_1_228' title='bbox 1160 1472 1292 1496; x_wconf 91' lang='lat' dir='ltr'><strong>nomen</strong></span> <span class='ocrx_word' id='word_1_229' title='bbox 1324 1461 1404 1500; x_wconf 73' lang='grc' dir='ltr'><strong>θεὸς</strong></span> <span class='ocrx_word' id='word_1_230' title='bbox 1432 1460 1627 1509; x_wconf 66' lang='grc' dir='ltr'><strong>Εὐεργέτης</strong></span> 
     </span>
     <span class='ocr_line' id='line_1_24' title="bbox 133 1521 1623 1565; baseline -0.003 -8"><span class='ocrx_word' id='word_1_231' title='bbox 133 1532 221 1557; x_wconf 85' lang='lat' dir='ltr'><strong>vero</strong></span> <span class='ocrx_word' id='word_1_232' title='bbox 244 1525 324 1557; x_wconf 89' lang='lat' dir='ltr'><strong>tum</strong></span> <span class='ocrx_word' id='word_1_233' title='bbox 345 1523 495 1557; x_wconf 89' lang='lat' dir='ltr'><strong>demum</strong></span> <span class='ocrx_word' id='word_1_234' title='bbox 511 1523 766 1565; x_wconf 83' lang='lat' dir='ltr'><strong>assumpsisse,</strong></span> <span class='ocrx_word' id='word_1_235' title='bbox 790 1530 875 1555; x_wconf 91' lang='lat' dir='ltr'><strong>cum</strong></span> <span class='ocrx_word' id='word_1_236' title='bbox 901 1524 985 1563; x_wconf 89' lang='lat' dir='ltr'><strong>post</strong></span> <span class='ocrx_word' id='word_1_237' title='bbox 1007 1521 1129 1554; x_wconf 72' lang='lat' dir='ltr'><strong>fratris</strong></span> <span class='ocrx_word' id='word_1_238' title='bbox 1146 1522 1304 1553; x_wconf 88' lang='lat' dir='ltr'><strong>mortem</strong></span> <span class='ocrx_word' id='word_1_239' title='bbox 1330 1521 1356 1561; x_wconf 90' lang='grc'><strong>(4</strong></span> <span class='ocrx_word' id='word_1_240' title='bbox 1366 1522 1408 1553; x_wconf 86' lang='grc'><strong>45</strong></span> <span class='ocrx_word' id='word_1_241' title='bbox 1427 1529 1461 1563; x_wconf 86' lang='lat' dir='ltr'><strong>p.</strong></span> <span class='ocrx_word' id='word_1_242' title='bbox 1479 1521 1560 1553; x_wconf 88' lang='lat' dir='ltr'><strong>Chr.</strong></span> <span class='ocrx_word' id='word_1_243' title='bbox 1579 1521 1623 1560; x_wconf 92' lang='lat' dir='ltr'><strong>n.)</strong></span> 
     </span>
     <span class='ocr_line' id='line_1_25' title="bbox 133 1578 1625 1623; baseline -0.002 -9"><span class='ocrx_word' id='word_1_244' title='bbox 133 1580 253 1614; x_wconf 90' lang='lat' dir='ltr'><strong>denno</strong></span> <span class='ocrx_word' id='word_1_245' title='bbox 285 1589 396 1623; x_wconf 86' lang='lat' dir='ltr'><strong>regno</strong></span> <span class='ocrx_word' id='word_1_246' title='bbox 425 1581 580 1622; x_wconf 77' lang='lat' dir='ltr'><strong>Aegypti</strong></span> <span class='ocrx_word' id='word_1_247' title='bbox 613 1580 803 1622; x_wconf 85' lang='lat' dir='ltr'><strong>potiretur,</strong></span> <span class='ocrx_word' id='word_1_248' title='bbox 833 1579 1043 1611; x_wconf 81' lang='lat' dir='ltr'><strong>Wilckenus</strong></span> <span class='ocrx_word' id='word_1_249' title='bbox 1074 1587 1132 1620; x_wconf 86' lang='lat' dir='ltr'><strong>ap.</strong></span> <span class='ocrx_word' id='word_1_250' title='bbox 1157 1578 1323 1620; x_wconf 90' lang='lat' dir='ltr'><strong>Droysen</strong></span> <span class='ocrx_word' id='word_1_251' title='bbox 1346 1578 1470 1613; x_wconf 82' lang='lat' dir='ltr'><strong>Kleine</strong></span> <span class='ocrx_word' id='word_1_252' title='bbox 1492 1578 1625 1611; x_wconf 83' lang='lat' dir='ltr'><strong>Schrif-</strong></span> 
     </span>
     <span class='ocr_line' id='line_1_26' title="bbox 133 1635 1623 1680; baseline -0.002 -9"><span class='ocrx_word' id='word_1_253' title='bbox 133 1639 194 1671; x_wconf 87' lang='lat' dir='ltr'><strong>ten</strong></span> <span class='ocrx_word' id='word_1_254' title='bbox 222 1639 253 1670; x_wconf 92' lang='lat'><strong>11</strong></span> <span class='ocrx_word' id='word_1_255' title='bbox 284 1646 321 1680; x_wconf 86' lang='lat' dir='ltr'><strong>p.</strong></span> <span class='ocrx_word' id='word_1_256' title='bbox 338 1639 403 1670; x_wconf 73' lang='grc'><strong>442</strong></span> <span class='ocrx_word' id='word_1_257' title='bbox 439 1637 704 1670; x_wconf 87' lang='lat' dir='ltr'><strong>demonstravit</strong></span> <span class='ocrx_word' id='word_1_258' title='bbox 738 1645 783 1669; x_wconf 86' lang='lat' dir='ltr'><strong>ex</strong></span> <span class='ocrx_word' id='word_1_259' title='bbox 818 1636 1064 1669; x_wconf 85' lang='lat' dir='ltr'><strong>monumentis</strong></span> <span class='ocrx_word' id='word_1_260' title='bbox 1096 1635 1284 1677; x_wconf 86' lang='lat' dir='ltr'><strong>Aegyptiis</strong></span> <span class='ocrx_word' id='word_1_261' title='bbox 1319 1642 1413 1677; x_wconf 89' lang='lat' dir='ltr'><strong>quae</strong></span> <span class='ocrx_word' id='word_1_262' title='bbox 1450 1636 1517 1668; x_wconf 91' lang='lat' dir='ltr'><strong>hos</strong></span> <span class='ocrx_word' id='word_1_263' title='bbox 1550 1637 1623 1668; x_wconf 87' lang='lat' dir='ltr'><strong>tres</strong></span> 
     </span>
     <span class='ocr_line' id='line_1_27' title="bbox 137 1691 1624 1738; baseline -0.002 -11"><span class='ocrx_word' id='word_1_264' title='bbox 137 1703 265 1727; x_wconf 88' lang='lat' dir='ltr'><strong>omnes</strong></span> <span class='ocrx_word' id='word_1_265' title='bbox 293 1692 384 1728; x_wconf 71' lang='grc' dir='ltr'><strong>θεῶν</strong></span> <span class='ocrx_word' id='word_1_266' title='bbox 408 1691 654 1738; x_wconf 67' lang='grc' dir='ltr'><strong>Φιλομητόρων</strong></span> <span class='ocrx_word' id='word_1_267' title='bbox 687 1694 833 1726; x_wconf 90' lang='lat' dir='ltr'><strong>nomine</strong></span> <span class='ocrx_word' id='word_1_268' title='bbox 864 1692 1185 1735; x_wconf 88' lang='lat' dir='ltr'><strong>comprehendunt.</strong></span> <span class='ocrx_word' id='word_1_269' title='bbox 1235 1691 1353 1730; x_wconf 87' lang='lat' dir='ltr'><strong>Quare</strong></span> <span class='ocrx_word' id='word_1_270' title='bbox 1385 1693 1473 1733; x_wconf 91' lang='lat' dir='ltr'><strong>quin</strong></span> <span class='ocrx_word' id='word_1_271' title='bbox 1503 1694 1624 1725; x_wconf 85' lang='lat' dir='ltr'><strong>statua</strong></span> 
     </span>
     <span class='ocr_line' id='line_1_28' title="bbox 135 1747 1625 1796; baseline -0.003 -12"><span class='ocrx_word' id='word_1_272' title='bbox 135 1751 340 1784; x_wconf 87' lang='lat' dir='ltr'><strong>Ptolemaeo</strong></span> <span class='ocrx_word' id='word_1_273' title='bbox 352 1751 442 1792; x_wconf 83' lang='lat' dir='ltr'><strong>VIII,</strong></span> <span class='ocrx_word' id='word_1_274' title='bbox 458 1752 521 1793; x_wconf 88' lang='lat' dir='ltr'><strong>qui</strong></span> <span class='ocrx_word' id='word_1_275' title='bbox 539 1752 667 1793; x_wconf 88' lang='lat' dir='ltr'><strong>postea</strong></span> <span class='ocrx_word' id='word_1_276' title='bbox 682 1747 874 1795; x_wconf 74' lang='grc' dir='ltr'><strong>Εὐεργέτης</strong></span> <span class='ocrx_word' id='word_1_277' title='bbox 890 1750 1094 1792; x_wconf 89' lang='lat' dir='ltr'><strong>appellatus</strong></span> <span class='ocrx_word' id='word_1_278' title='bbox 1110 1751 1176 1796; x_wconf 86' lang='lat' dir='ltr'><strong>est,</strong></span> <span class='ocrx_word' id='word_1_279' title='bbox 1195 1749 1296 1781; x_wconf 81' lang='lat' dir='ltr'><strong>fratri</strong></span> <span class='ocrx_word' id='word_1_280' title='bbox 1315 1749 1507 1781; x_wconf 88' lang='lat' dir='ltr'><strong>Ptolemaei</strong></span> <span class='ocrx_word' id='word_1_281' title='bbox 1524 1748 1571 1780; x_wconf 86' lang='lat' dir='ltr'><strong>VI</strong></span> <span class='ocrx_word' id='word_1_282' title='bbox 1588 1751 1625 1781; x_wconf 90' lang='lat' dir='ltr'><strong>et</strong></span> 
     </span>
     <span class='ocr_line' id='line_1_29' title="bbox 134 1805 1620 1850; baseline -0.003 -9"><span class='ocrx_word' id='word_1_283' title='bbox 134 1808 344 1850; x_wconf 87' lang='lat' dir='ltr'><strong>Cleopatrae</strong></span> <span class='ocrx_word' id='word_1_284' title='bbox 359 1809 390 1840; x_wconf 91' lang='lat'><strong>11</strong></span> <span class='ocrx_word' id='word_1_285' title='bbox 415 1809 535 1841; x_wconf 88' lang='lat' dir='ltr'><strong>erecta</strong></span> <span class='ocrx_word' id='word_1_286' title='bbox 558 1809 616 1849; x_wconf 89' lang='lat' dir='ltr'><strong>sit,</strong></span> <span class='ocrx_word' id='word_1_287' title='bbox 641 1816 713 1840; x_wconf 94' lang='lat' dir='ltr'><strong>non</strong></span> <span class='ocrx_word' id='word_1_288' title='bbox 729 1807 887 1849; x_wconf 87' lang='lat' dir='ltr'><strong>amplius</strong></span> <span class='ocrx_word' id='word_1_289' title='bbox 904 1807 1048 1839; x_wconf 86' lang='lat' dir='ltr'><strong>videtur</strong></span> <span class='ocrx_word' id='word_1_290' title='bbox 1065 1805 1307 1838; x_wconf 90' lang='lat' dir='ltr'><strong>dubitandum</strong></span> <span class='ocrx_word' id='word_1_291' title='bbox 1323 1813 1414 1838; x_wconf 86' lang='lat' dir='ltr'><strong>esse.</strong></span> <span class='ocrx_word' id='word_1_292' title='bbox 1450 1805 1490 1837; x_wconf 86' lang='lat' dir='ltr'><strong>ld</strong></span> <span class='ocrx_word' id='word_1_293' title='bbox 1506 1815 1620 1838; x_wconf 89' lang='lat' dir='ltr'><strong>unum</strong></span> 
     </span>
     <span class='ocr_line' id='line_1_30' title="bbox 134 1863 1621 1907; baseline -0.003 -9"><span class='ocrx_word' id='word_1_294' title='bbox 134 1865 308 1907; x_wconf 85' lang='lat' dir='ltr'><strong>ambigas,</strong></span> <span class='ocrx_word' id='word_1_295' title='bbox 337 1866 463 1898; x_wconf 90' lang='lat' dir='ltr'><strong>utrum</strong></span> <span class='ocrx_word' id='word_1_296' title='bbox 494 1865 532 1897; x_wconf 90' lang='lat' dir='ltr'><strong>id</strong></span> <span class='ocrx_word' id='word_1_297' title='bbox 561 1865 621 1897; x_wconf 84' lang='lat' dir='ltr'><strong>illo</strong></span> <span class='ocrx_word' id='word_1_298' title='bbox 651 1865 842 1897; x_wconf 88' lang='lat' dir='ltr'><strong>communi</strong></span> <span class='ocrx_word' id='word_1_299' title='bbox 878 1865 1043 1897; x_wconf 91' lang='lat' dir='ltr'><strong>omnium</strong></span> <span class='ocrx_word' id='word_1_300' title='bbox 1075 1864 1188 1895; x_wconf 90' lang='lat' dir='ltr'><strong>trium</strong></span> <span class='ocrx_word' id='word_1_301' title='bbox 1219 1871 1331 1904; x_wconf 84' lang='lat' dir='ltr'><strong>regno</strong></span> <span class='ocrx_word' id='word_1_302' title='bbox 1368 1863 1409 1903; x_wconf 91' lang='lat' dir='ltr'><strong>(a.</strong></span> <span class='ocrx_word' id='word_1_303' title='bbox 1440 1865 1621 1895; x_wconf 77' lang='grc'><strong>469-463</strong></span> 
     </span>
     <span class='ocr_line' id='line_1_31' title="bbox 134 1919 1623 1964; baseline -0.001 -9"><span class='ocrx_word' id='word_1_304' title='bbox 134 1932 166 1956; x_wconf 83' lang='grc' dir='ltr'><strong>ιι.</strong></span> <span class='ocrx_word' id='word_1_305' title='bbox 188 1922 281 1963; x_wconf 86' lang='lat' dir='ltr'><strong>Chr.)</strong></span> <span class='ocrx_word' id='word_1_306' title='bbox 306 1931 352 1955; x_wconf 88' lang='lat' dir='ltr'><strong>an</strong></span> <span class='ocrx_word' id='word_1_307' title='bbox 375 1931 442 1964; x_wconf 88' lang='lat' dir='ltr'><strong>per</strong></span> <span class='ocrx_word' id='word_1_308' title='bbox 469 1922 550 1955; x_wconf 92' lang='lat' dir='ltr'><strong>illos</strong></span> <span class='ocrx_word' id='word_1_309' title='bbox 575 1930 687 1954; x_wconf 90' lang='lat' dir='ltr'><strong>annos</strong></span> <span class='ocrx_word' id='word_1_310' title='bbox 714 1922 906 1961; x_wconf 83' lang='grc'><strong>(463-445</strong></span> <span class='ocrx_word' id='word_1_311' title='bbox 932 1930 962 1953; x_wconf 90' lang='lat' dir='ltr'><strong>a.</strong></span> <span class='ocrx_word' id='word_1_312' title='bbox 986 1921 1067 1953; x_wconf 87' lang='lat' dir='ltr'><strong>Chr.</strong></span> <span class='ocrx_word' id='word_1_313' title='bbox 1092 1920 1138 1960; x_wconf 91' lang='lat' dir='ltr'><strong>n.)</strong></span> <span class='ocrx_word' id='word_1_314' title='bbox 1172 1919 1307 1952; x_wconf 80' lang='lat' dir='ltr'><strong>factum</strong></span> <span class='ocrx_word' id='word_1_315' title='bbox 1340 1919 1397 1961; x_wconf 88' lang='lat' dir='ltr'><strong>sit,</strong></span> <span class='ocrx_word' id='word_1_316' title='bbox 1430 1928 1496 1961; x_wconf 91' lang='lat' dir='ltr'><strong>per</strong></span> <span class='ocrx_word' id='word_1_317' title='bbox 1526 1929 1623 1961; x_wconf 88' lang='lat' dir='ltr'><strong>quos</strong></span> 
     </span>
     <span class='ocr_line' id='line_1_32' title="bbox 134 1976 1622 2022; baseline -0.003 -9"><span class='ocrx_word' id='word_1_318' title='bbox 134 1979 294 2022; x_wconf 86' lang='lat' dir='ltr'><strong>Cyrenae</strong></span> <span class='ocrx_word' id='word_1_319' title='bbox 322 1987 417 2012; x_wconf 84' lang='lat' dir='ltr'><strong>unae</strong></span> <span class='ocrx_word' id='word_1_320' title='bbox 446 1979 483 2011; x_wconf 86' lang='lat' dir='ltr'><strong>in</strong></span> <span class='ocrx_word' id='word_1_321' title='bbox 514 1978 666 2011; x_wconf 90' lang='lat' dir='ltr'><strong>minoris</strong></span> <span class='ocrx_word' id='word_1_322' title='bbox 695 1977 815 2010; x_wconf 78' lang='lat' dir='ltr'><strong>fratris</strong></span> <span class='ocrx_word' id='word_1_323' title='bbox 847 1978 1027 2019; x_wconf 83' lang='lat' dir='ltr'><strong>potestate</strong></span> <span class='ocrx_word' id='word_1_324' title='bbox 1057 1978 1169 2018; x_wconf 88' lang='lat' dir='ltr'><strong>erant,</strong></span> <span class='ocrx_word' id='word_1_325' title='bbox 1202 1985 1287 2009; x_wconf 90' lang='lat' dir='ltr'><strong>cum</strong></span> <span class='ocrx_word' id='word_1_326' title='bbox 1319 1976 1437 2008; x_wconf 91' lang='lat' dir='ltr'><strong>maior</strong></span> <span class='ocrx_word' id='word_1_327' title='bbox 1465 1976 1622 2019; x_wconf 81' lang='lat' dir='ltr'><strong>Aegypti</strong></span> 
     </span>
     <span class='ocr_line' id='line_1_33' title="bbox 133 2033 1622 2079; baseline -0.001 -10"><span class='ocrx_word' id='word_1_328' title='bbox 133 2038 277 2079; x_wconf 77' lang='lat' dir='ltr'><strong>sceptra</strong></span> <span class='ocrx_word' id='word_1_329' title='bbox 300 2037 448 2068; x_wconf 87' lang='lat' dir='ltr'><strong>teneret.</strong></span> <span class='ocrx_word' id='word_1_330' title='bbox 487 2035 564 2069; x_wconf 83' lang='lat' dir='ltr'><strong>Hoc</strong></span> <span class='ocrx_word' id='word_1_331' title='bbox 587 2035 775 2067; x_wconf 82' lang='lat' dir='ltr'><strong>Wilckeno</strong></span> <span class='ocrx_word' id='word_1_332' title='bbox 800 2033 1028 2076; x_wconf 87' lang='lat' dir='ltr'><strong>probabilius</strong></span> <span class='ocrx_word' id='word_1_333' title='bbox 1051 2033 1208 2075; x_wconf 87' lang='lat' dir='ltr'><strong>videtur,</strong></span> <span class='ocrx_word' id='word_1_334' title='bbox 1233 2034 1320 2075; x_wconf 89' lang='lat' dir='ltr'><strong>quia</strong></span> <span class='ocrx_word' id='word_1_335' title='bbox 1342 2033 1434 2075; x_wconf 87' lang='lat' dir='ltr'><strong>lapis</strong></span> <span class='ocrx_word' id='word_1_336' title='bbox 1458 2034 1495 2066; x_wconf 90' lang='lat' dir='ltr'><strong>in</strong></span> <span class='ocrx_word' id='word_1_337' title='bbox 1511 2034 1622 2077; x_wconf 88' lang='lat' dir='ltr'><strong>Cyre-</strong></span> 
     </span>
     <span class='ocr_line' id='line_1_34' title="bbox 132 2091 1622 2133; baseline -0.001 -7"><span class='ocrx_word' id='word_1_338' title='bbox 132 2094 236 2126; x_wconf 90' lang='lat' dir='ltr'><strong>naica</strong></span> <span class='ocrx_word' id='word_1_339' title='bbox 258 2094 427 2126; x_wconf 88' lang='lat' dir='ltr'><strong>inventus</strong></span> <span class='ocrx_word' id='word_1_340' title='bbox 457 2094 523 2125; x_wconf 92' lang='lat' dir='ltr'><strong>est.</strong></span> <span class='ocrx_word' id='word_1_341' title='bbox 572 2092 642 2125; x_wconf 89' lang='lat' dir='ltr'><strong>Sed</strong></span> <span class='ocrx_word' id='word_1_342' title='bbox 664 2093 736 2124; x_wconf 88' lang='lat' dir='ltr'><strong>hoc</strong></span> <span class='ocrx_word' id='word_1_343' title='bbox 760 2100 841 2124; x_wconf 90' lang='lat' dir='ltr'><strong>mea</strong></span> <span class='ocrx_word' id='word_1_344' title='bbox 865 2091 1013 2133; x_wconf 90' lang='lat' dir='ltr'><strong>quidem</strong></span> <span class='ocrx_word' id='word_1_345' title='bbox 1043 2091 1221 2123; x_wconf 82' lang='lat' dir='ltr'><strong>sententia</strong></span> <span class='ocrx_word' id='word_1_346' title='bbox 1244 2099 1316 2123; x_wconf 93' lang='lat' dir='ltr'><strong>non</strong></span> <span class='ocrx_word' id='word_1_347' title='bbox 1347 2091 1504 2123; x_wconf 77' lang='lat' dir='ltr'><strong>multum</strong></span> <span class='ocrx_word' id='word_1_348' title='bbox 1539 2101 1622 2124; x_wconf 91' lang='lat' dir='ltr'><strong>mo-</strong></span> 
     </span>
     <span class='ocr_line' id='line_1_35' title="bbox 133 2147 1621 2191; baseline -0.001 -9"><span class='ocrx_word' id='word_1_349' title='bbox 133 2150 247 2182; x_wconf 87' lang='lat' dir='ltr'><strong>menti</strong></span> <span class='ocrx_word' id='word_1_350' title='bbox 262 2150 381 2191; x_wconf 88' lang='lat' dir='ltr'><strong>habet,</strong></span> <span class='ocrx_word' id='word_1_351' title='bbox 404 2150 576 2191; x_wconf 89' lang='lat' dir='ltr'><strong>quoniam</strong></span> <span class='ocrx_word' id='word_1_352' title='bbox 594 2151 699 2182; x_wconf 84' lang='lat' dir='ltr'><strong>antea</strong></span> <span class='ocrx_word' id='word_1_353' title='bbox 715 2149 913 2190; x_wconf 90' lang='lat' dir='ltr'><strong>Cyrenaica</strong></span> <span class='ocrx_word' id='word_1_354' title='bbox 928 2150 1069 2190; x_wconf 89' lang='lat' dir='ltr'><strong>partem</strong></span> <span class='ocrx_word' id='word_1_355' title='bbox 1085 2149 1186 2189; x_wconf 86' lang='lat' dir='ltr'><strong>regni</strong></span> <span class='ocrx_word' id='word_1_356' title='bbox 1202 2147 1415 2189; x_wconf 80' lang='lat' dir='ltr'><strong>Aegyptiaci</strong></span> <span class='ocrx_word' id='word_1_357' title='bbox 1431 2147 1621 2190; x_wconf 83' lang='lat' dir='ltr'><strong>efficiebat,</strong></span> 
     </span>
     <span class='ocr_line' id='line_1_36' title="bbox 133 2205 1621 2248; baseline -0.001 -10"><span class='ocrx_word' id='word_1_358' title='bbox 133 2207 172 2239; x_wconf 92' lang='lat' dir='ltr'><strong>in</strong></span> <span class='ocrx_word' id='word_1_359' title='bbox 194 2215 267 2247; x_wconf 89' lang='lat' dir='ltr'><strong>qua</strong></span> <span class='ocrx_word' id='word_1_360' title='bbox 288 2208 331 2238; x_wconf 89' lang='lat' dir='ltr'><strong>ut</strong></span> <span class='ocrx_word' id='word_1_361' title='bbox 354 2214 419 2248; x_wconf 89' lang='lat' dir='ltr'><strong>per</strong></span> <span class='ocrx_word' id='word_1_362' title='bbox 443 2215 568 2238; x_wconf 91' lang='lat' dir='ltr'><strong>omnes</strong></span> <span class='ocrx_word' id='word_1_363' title='bbox 589 2206 676 2238; x_wconf 88' lang='lat' dir='ltr'><strong>alias</strong></span> <span class='ocrx_word' id='word_1_364' title='bbox 701 2206 867 2247; x_wconf 85' lang='lat' dir='ltr'><strong>regiones</strong></span> <span class='ocrx_word' id='word_1_365' title='bbox 883 2205 1029 2246; x_wconf 86' lang='lat' dir='ltr'><strong>regibus</strong></span> <span class='ocrx_word' id='word_1_366' title='bbox 1051 2206 1192 2238; x_wconf 86' lang='lat' dir='ltr'><strong>statuae</strong></span> <span class='ocrx_word' id='word_1_367' title='bbox 1217 2205 1304 2246; x_wconf 92' lang='lat' dir='ltr'><strong>poni</strong></span> <span class='ocrx_word' id='word_1_368' title='bbox 1328 2206 1499 2246; x_wconf 85' lang='lat' dir='ltr'><strong>poterant</strong></span> <span class='ocrx_word' id='word_1_369' title='bbox 1521 2207 1557 2236; x_wconf 92' lang='lat' dir='ltr'><strong>et</strong></span> <span class='ocrx_word' id='word_1_370' title='bbox 1581 2214 1621 2237; x_wconf 87' lang='lat' dir='ltr'><strong>re</strong></span> 
     </span>
     <span class='ocr_line' id='line_1_37' title="bbox 132 2261 1620 2304; baseline -0.002 -9"><span class='ocrx_word' id='word_1_371' title='bbox 132 2271 221 2296; x_wconf 80' lang='lat' dir='ltr'><strong>vera</strong></span> <span class='ocrx_word' id='word_1_372' title='bbox 249 2262 479 2304; x_wconf 86' lang='lat' dir='ltr'><strong>ponebantur</strong></span> <span class='ocrx_word' id='word_1_373' title='bbox 510 2262 564 2302; x_wconf 77' lang='lat' dir='ltr'><strong>(cf.</strong></span> <span class='ocrx_word' id='word_1_374' title='bbox 589 2272 624 2295; x_wconf 91' lang='lat' dir='ltr'><strong>n.</strong></span> <span class='ocrx_word' id='word_1_375' title='bbox 642 2265 683 2294; x_wconf 79' lang='lat'><strong>33</strong></span> <span class='ocrx_word' id='word_1_376' title='bbox 715 2271 800 2295; x_wconf 92' lang='lat' dir='ltr'><strong>cum</strong></span> <span class='ocrx_word' id='word_1_377' title='bbox 825 2262 1020 2302; x_wconf 86' lang='lat' dir='ltr'><strong>addendis).</strong></span> <span class='ocrx_word' id='word_1_378' title='bbox 1068 2262 1120 2294; x_wconf 81' lang='lat' dir='ltr'><strong>Ex</strong></span> <span class='ocrx_word' id='word_1_379' title='bbox 1151 2261 1263 2294; x_wconf 91' lang='lat' dir='ltr'><strong>altera</strong></span> <span class='ocrx_word' id='word_1_380' title='bbox 1293 2263 1396 2302; x_wconf 89' lang='lat' dir='ltr'><strong>parte</strong></span> <span class='ocrx_word' id='word_1_381' title='bbox 1420 2261 1480 2293; x_wconf 87' lang='lat' dir='ltr'><strong>illa</strong></span> <span class='ocrx_word' id='word_1_382' title='bbox 1504 2263 1620 2293; x_wconf 87' lang='lat' dir='ltr'><strong>aetate</strong></span> 
     </span>
     <span class='ocr_line' id='line_1_38' title="bbox 134 2317 1620 2361; baseline -0.002 -9"><span class='ocrx_word' id='word_1_383' title='bbox 134 2328 228 2361; x_wconf 88' lang='lat' dir='ltr'><strong>quae</strong></span> <span class='ocrx_word' id='word_1_384' title='bbox 252 2318 520 2350; x_wconf 79' lang='lat' dir='ltr'><strong>intercedebant</strong></span> <span class='ocrx_word' id='word_1_385' title='bbox 544 2319 636 2350; x_wconf 87' lang='lat' dir='ltr'><strong>inter</strong></span> <span class='ocrx_word' id='word_1_386' title='bbox 660 2318 787 2351; x_wconf 79' lang='lat' dir='ltr'><strong>fratres</strong></span> <span class='ocrx_word' id='word_1_387' title='bbox 811 2319 979 2360; x_wconf 88' lang='lat' dir='ltr'><strong>rationes,</strong></span> <span class='ocrx_word' id='word_1_388' title='bbox 1011 2318 1042 2351; x_wconf 86' lang='lat' dir='ltr'><strong>si</strong></span> <span class='ocrx_word' id='word_1_389' title='bbox 1072 2318 1160 2360; x_wconf 90' lang='lat' dir='ltr'><strong>quid</strong></span> <span class='ocrx_word' id='word_1_390' title='bbox 1190 2317 1296 2350; x_wconf 88' lang='lat' dir='ltr'><strong>video</strong></span> <span class='ocrx_word' id='word_1_391' title='bbox 1329 2326 1399 2349; x_wconf 93' lang='lat' dir='ltr'><strong>non</strong></span> <span class='ocrx_word' id='word_1_392' title='bbox 1432 2317 1620 2358; x_wconf 86' lang='lat' dir='ltr'><strong>probabile</strong></span> 
     </span>
     <span class='ocr_line' id='line_1_39' title="bbox 133 2374 1620 2417; baseline -0.001 -8"><span class='ocrx_word' id='word_1_393' title='bbox 133 2376 299 2417; x_wconf 89' lang='lat' dir='ltr'><strong>reddunt,</strong></span> <span class='ocrx_word' id='word_1_394' title='bbox 323 2377 401 2407; x_wconf 90' lang='lat' dir='ltr'><strong>tum</strong></span> <span class='ocrx_word' id='word_1_395' title='bbox 427 2376 465 2407; x_wconf 93' lang='lat' dir='ltr'><strong>in</strong></span> <span class='ocrx_word' id='word_1_396' title='bbox 489 2376 583 2415; x_wconf 83' lang='lat' dir='ltr'><strong>regis</strong></span> <span class='ocrx_word' id='word_1_397' title='bbox 599 2375 817 2417; x_wconf 87' lang='lat' dir='ltr'><strong>Cyrenaicae</strong></span> <span class='ocrx_word' id='word_1_398' title='bbox 833 2377 1069 2408; x_wconf 88' lang='lat' dir='ltr'><strong>monumento</strong></span> <span class='ocrx_word' id='word_1_399' title='bbox 1094 2375 1288 2408; x_wconf 90' lang='lat' dir='ltr'><strong>honorario</strong></span> <span class='ocrx_word' id='word_1_400' title='bbox 1314 2374 1434 2406; x_wconf 78' lang='lat' dir='ltr'><strong>fratris</strong></span> <span class='ocrx_word' id='word_1_401' title='bbox 1458 2376 1495 2406; x_wconf 93' lang='lat' dir='ltr'><strong>et</strong></span> <span class='ocrx_word' id='word_1_402' title='bbox 1518 2383 1620 2408; x_wconf 87' lang='lat' dir='ltr'><strong>soro-</strong></span> 
     </span>
     <span class='ocr_line' id='line_1_40' title="bbox 133 2431 1620 2469; baseline -0.001 -4"><span class='ocrx_word' id='word_1_403' title='bbox 133 2433 184 2465; x_wconf 91' lang='lat' dir='ltr'><strong>ris</strong></span> <span class='ocrx_word' id='word_1_404' title='bbox 214 2432 438 2465; x_wconf 86' lang='lat' dir='ltr'><strong>mentionem</strong></span> <span class='ocrx_word' id='word_1_405' title='bbox 467 2431 644 2464; x_wconf 82' lang='lat' dir='ltr'><strong>facturam</strong></span> <span class='ocrx_word' id='word_1_406' title='bbox 679 2432 790 2464; x_wconf 80' lang='lat' dir='ltr'><strong>fuisse</strong></span> <span class='ocrx_word' id='word_1_407' title='bbox 822 2433 1007 2465; x_wconf 78' lang='lat' dir='ltr'><strong>civitatem</strong></span> <span class='ocrx_word' id='word_1_408' title='bbox 1036 2432 1372 2464; x_wconf 87' lang='lat' dir='ltr'><strong>Ptolemaeensium.</strong></span> <span class='ocrx_word' id='word_1_409' title='bbox 1421 2431 1539 2469; x_wconf 87' lang='lat' dir='ltr'><strong>Quare</strong></span> <span class='ocrx_word' id='word_1_410' title='bbox 1569 2432 1620 2464; x_wconf 87' lang='lat' dir='ltr'><strong>illi</strong></span> 
     </span>
     <span class='ocr_line' id='line_1_41' title="bbox 131 2488 1412 2532; baseline -0.002 -10"><span class='ocrx_word' id='word_1_411' title='bbox 131 2490 245 2532; x_wconf 85' lang='lat' dir='ltr'><strong>priori</strong></span> <span class='ocrx_word' id='word_1_412' title='bbox 269 2490 439 2522; x_wconf 84' lang='lat' dir='ltr'><strong>sexennio</strong></span> <span class='ocrx_word' id='word_1_413' title='bbox 464 2489 489 2529; x_wconf 82' lang='grc'><strong>(4</strong></span> <span class='ocrx_word' id='word_1_414' title='bbox 500 2490 655 2520; x_wconf 79' lang='grc'><strong>69-463</strong></span> <span class='ocrx_word' id='word_1_415' title='bbox 681 2497 712 2521; x_wconf 86' lang='lat' dir='ltr'><strong>a.</strong></span> <span class='ocrx_word' id='word_1_416' title='bbox 725 2489 806 2521; x_wconf 89' lang='lat' dir='ltr'><strong>Chr.</strong></span> <span class='ocrx_word' id='word_1_417' title='bbox 824 2489 869 2529; x_wconf 90' lang='grc' dir='ltr'><strong>ιι.)</strong></span> <span class='ocrx_word' id='word_1_418' title='bbox 894 2489 1041 2521; x_wconf 86' lang='lat' dir='ltr'><strong>titulum</strong></span> <span class='ocrx_word' id='word_1_419' title='bbox 1066 2488 1251 2521; x_wconf 84' lang='lat' dir='ltr'><strong>vindicare</strong></span> <span class='ocrx_word' id='word_1_420' title='bbox 1277 2488 1412 2520; x_wconf 88' lang='lat' dir='ltr'><strong>malim.</strong></span> 
     </span>
    </p>

    <p class='ocr_par' dir='ltr' id='par_1_6' title="bbox 41 2544 1620 2928">
     <span class='ocr_line' id='line_1_42' title="bbox 41 2544 1620 2587; baseline -0.003 -7"><span class='ocrx_word' id='word_1_421' title='bbox 41 2545 161 2581; x_wconf 56' lang='lat'><strong>22⁰5</strong></span> <span class='ocrx_word' id='word_1_422' title='bbox 190 2555 225 2579; x_wconf 85' lang='lat' dir='ltr'><strong>n.</strong></span> <span class='ocrx_word' id='word_1_423' title='bbox 243 2548 309 2578; x_wconf 74' lang='grc'><strong>425</strong></span> <span class='ocrx_word' id='word_1_424' title='bbox 340 2547 445 2578; x_wconf 78' lang='lat' dir='ltr'><strong>not.l</strong></span> <span class='ocrx_word' id='word_1_425' title='bbox 483 2553 568 2576; x_wconf 91' lang='lat' dir='ltr'><strong>cum</strong></span> <span class='ocrx_word' id='word_1_426' title='bbox 598 2544 771 2577; x_wconf 85' lang='lat' dir='ltr'><strong>addendis</strong></span> <span class='ocrx_word' id='word_1_427' title='bbox 802 2545 873 2578; x_wconf 83' lang='lat' dir='ltr'><strong>vol.</strong></span> <span class='ocrx_word' id='word_1_428' title='bbox 896 2547 910 2577; x_wconf 94' lang='lat' dir='ltr'><strong>I</strong></span> <span class='ocrx_word' id='word_1_429' title='bbox 939 2554 974 2587; x_wconf 92' lang='lat' dir='ltr'><strong>p.</strong></span> <span class='ocrx_word' id='word_1_430' title='bbox 994 2548 1070 2578; x_wconf 79' lang='lat'><strong>652.</strong></span> <span class='ocrx_word' id='word_1_431' title='bbox 1118 2545 1169 2577; x_wconf 92' lang='lat' dir='ltr'><strong>De</strong></span> <span class='ocrx_word' id='word_1_432' title='bbox 1201 2545 1405 2577; x_wconf 87' lang='lat' dir='ltr'><strong>Ptolemaeo</strong></span> <span class='ocrx_word' id='word_1_433' title='bbox 1437 2544 1620 2586; x_wconf 89' lang='lat' dir='ltr'><strong>Eupatore</strong></span> 
     </span>
     <span class='ocr_line' id='line_1_43' title="bbox 134 2600 1620 2643; baseline -0.003 -7"><span class='ocrx_word' id='word_1_434' title='bbox 134 2604 300 2636; x_wconf 86' lang='lat' dir='ltr'><strong>accurate</strong></span> <span class='ocrx_word' id='word_1_435' title='bbox 328 2602 529 2643; x_wconf 86' lang='lat' dir='ltr'><strong>disputavit</strong></span> <span class='ocrx_word' id='word_1_436' title='bbox 563 2601 602 2632; x_wconf 76' lang='lat' dir='ltr'><strong>R.</strong></span> <span class='ocrx_word' id='word_1_437' title='bbox 630 2601 797 2642; x_wconf 89' lang='lat' dir='ltr'><strong>Laqueur</strong></span> <span class='ocrx_word' id='word_1_438' title='bbox 835 2600 1073 2638; x_wconf 87' lang='lat' dir='ltr'><strong>Quaestiones</strong></span> <span class='ocrx_word' id='word_1_439' title='bbox 1102 2601 1356 2642; x_wconf 82' lang='lat' dir='ltr'><strong>epigraphicae</strong></span> <span class='ocrx_word' id='word_1_440' title='bbox 1393 2602 1427 2632; x_wconf 89' lang='lat' dir='ltr'><strong>et</strong></span> <span class='ocrx_word' id='word_1_441' title='bbox 1461 2609 1620 2641; x_wconf 87' lang='lat' dir='ltr'><strong>papyro-</strong></span> 
     </span>
     <span class='ocr_line' id='line_1_44' title="bbox 133 2657 1618 2701; baseline -0.003 -9"><span class='ocrx_word' id='word_1_442' title='bbox 133 2659 268 2701; x_wconf 87' lang='lat' dir='ltr'><strong>Iogicae</strong></span> <span class='ocrx_word' id='word_1_443' title='bbox 285 2659 449 2701; x_wconf 80' lang='lat' dir='ltr'><strong>selectae,</strong></span> <span class='ocrx_word' id='word_1_444' title='bbox 473 2658 702 2699; x_wconf 81' lang='lat' dir='ltr'><strong>Argentorati</strong></span> <span class='ocrx_word' id='word_1_445' title='bbox 720 2659 805 2689; x_wconf 78' lang='grc'><strong>4904</strong></span> <span class='ocrx_word' id='word_1_446' title='bbox 830 2666 866 2699; x_wconf 83' lang='lat' dir='ltr'><strong>p.</strong></span> <span class='ocrx_word' id='word_1_447' title='bbox 885 2659 927 2689; x_wconf 86' lang='grc'><strong>46</strong></span> <span class='ocrx_word' id='word_1_448' title='bbox 941 2666 1031 2699; x_wconf 89' lang='lat' dir='ltr'><strong>sqq.,</strong></span> <span class='ocrx_word' id='word_1_449' title='bbox 1057 2659 1162 2690; x_wconf 86' lang='lat' dir='ltr'><strong>cuius</strong></span> <span class='ocrx_word' id='word_1_450' title='bbox 1179 2658 1356 2689; x_wconf 89' lang='lat' dir='ltr'><strong>sententia</strong></span> <span class='ocrx_word' id='word_1_451' title='bbox 1372 2665 1444 2688; x_wconf 94' lang='lat' dir='ltr'><strong>non</strong></span> <span class='ocrx_word' id='word_1_452' title='bbox 1462 2657 1618 2688; x_wconf 90' lang='lat' dir='ltr'><strong>multum</strong></span> 
     </span>
     <span class='ocr_line' id='line_1_45' title="bbox 134 2712 1618 2758; baseline -0.003 -10"><span class='ocrx_word' id='word_1_453' title='bbox 134 2716 315 2758; x_wconf 86' lang='lat' dir='ltr'><strong>discrepat</strong></span> <span class='ocrx_word' id='word_1_454' title='bbox 331 2725 351 2748; x_wconf 91' lang='lat' dir='ltr'><strong>a</strong></span> <span class='ocrx_word' id='word_1_455' title='bbox 368 2725 458 2748; x_wconf 87' lang='lat' dir='ltr'><strong>mea.</strong></span> <span class='ocrx_word' id='word_1_456' title='bbox 495 2716 529 2747; x_wconf 87' lang='lat' dir='ltr'><strong>Is</strong></span> <span class='ocrx_word' id='word_1_457' title='bbox 546 2715 641 2747; x_wconf 88' lang='lat' dir='ltr'><strong>enim</strong></span> <span class='ocrx_word' id='word_1_458' title='bbox 659 2722 772 2746; x_wconf 91' lang='lat' dir='ltr'><strong>unum</strong></span> <span class='ocrx_word' id='word_1_459' title='bbox 795 2713 1024 2755; x_wconf 87' lang='lat' dir='ltr'><strong>eundemque</strong></span> <span class='ocrx_word' id='word_1_460' title='bbox 1040 2713 1292 2745; x_wconf 84' lang='lat' dir='ltr'><strong>Philometoris</strong></span> <span class='ocrx_word' id='word_1_461' title='bbox 1309 2715 1345 2744; x_wconf 90' lang='lat' dir='ltr'><strong>et</strong></span> <span class='ocrx_word' id='word_1_462' title='bbox 1362 2712 1572 2753; x_wconf 84' lang='lat' dir='ltr'><strong>Cleopatrae</strong></span> <span class='ocrx_word' id='word_1_463' title='bbox 1588 2713 1618 2744; x_wconf 81' lang='lat'><strong>11</strong></span> 
     </span>
     <span class='ocr_line' id='line_1_46' title="bbox 134 2768 1619 2814; baseline -0.003 -10"><span class='ocrx_word' id='word_1_464' title='bbox 134 2771 248 2804; x_wconf 87' lang='lat' dir='ltr'><strong>filium</strong></span> <span class='ocrx_word' id='word_1_465' title='bbox 260 2773 379 2814; x_wconf 90' lang='lat' dir='ltr'><strong>primo</strong></span> <span class='ocrx_word' id='word_1_466' title='bbox 391 2782 411 2804; x_wconf 93' lang='lat' dir='ltr'><strong>a</strong></span> <span class='ocrx_word' id='word_1_467' title='bbox 428 2770 530 2814; x_wconf 73' lang='lat' dir='ltr'><strong><em>453s2</em></strong></span> <span class='ocrx_word' id='word_1_468' title='bbox 543 2781 563 2804; x_wconf 93' lang='lat' dir='ltr'><strong>a</strong></span> <span class='ocrx_word' id='word_1_469' title='bbox 576 2772 678 2813; x_wconf 85' lang='lat' dir='ltr'><strong>patre</strong></span> <span class='ocrx_word' id='word_1_470' title='bbox 690 2771 726 2802; x_wconf 90' lang='lat' dir='ltr'><strong>in</strong></span> <span class='ocrx_word' id='word_1_471' title='bbox 744 2770 953 2802; x_wconf 88' lang='lat' dir='ltr'><strong>societatem</strong></span> <span class='ocrx_word' id='word_1_472' title='bbox 970 2770 1069 2810; x_wconf 88' lang='lat' dir='ltr'><strong>regni</strong></span> <span class='ocrx_word' id='word_1_473' title='bbox 1083 2772 1282 2810; x_wconf 89' lang='lat' dir='ltr'><strong>receptum,</strong></span> <span class='ocrx_word' id='word_1_474' title='bbox 1297 2769 1335 2801; x_wconf 91' lang='lat' dir='ltr'><strong>id</strong></span> <span class='ocrx_word' id='word_1_475' title='bbox 1351 2768 1450 2810; x_wconf 91' lang='lat' dir='ltr'><strong>quod</strong></span> <span class='ocrx_word' id='word_1_476' title='bbox 1463 2768 1619 2810; x_wconf 88' lang='lat' dir='ltr'><strong>probant</strong></span> 
     </span>
     <span class='ocr_line' id='line_1_47' title="bbox 134 2826 1617 2871; baseline -0.003 -9"><span class='ocrx_word' id='word_1_477' title='bbox 134 2830 266 2870; x_wconf 84' lang='lat' dir='ltr'><strong>papyri</strong></span> <span class='ocrx_word' id='word_1_478' title='bbox 296 2829 476 2871; x_wconf 86' lang='lat' dir='ltr'><strong>demotici‚</strong></span> <span class='ocrx_word' id='word_1_479' title='bbox 506 2829 570 2862; x_wconf 90' lang='lat' dir='ltr'><strong>sed</strong></span> <span class='ocrx_word' id='word_1_480' title='bbox 599 2829 737 2870; x_wconf 89' lang='lat' dir='ltr'><strong>aliquot</strong></span> <span class='ocrx_word' id='word_1_481' title='bbox 766 2828 868 2860; x_wconf 88' lang='lat' dir='ltr'><strong>annis</strong></span> <span class='ocrx_word' id='word_1_482' title='bbox 893 2828 979 2869; x_wconf 87' lang='lat' dir='ltr'><strong>post</strong></span> <span class='ocrx_word' id='word_1_483' title='bbox 1008 2835 1136 2859; x_wconf 88' lang='lat' dir='ltr'><strong>rursus</strong></span> <span class='ocrx_word' id='word_1_484' title='bbox 1160 2836 1203 2860; x_wconf 87' lang='lat' dir='ltr'><strong>ea</strong></span> <span class='ocrx_word' id='word_1_485' title='bbox 1230 2827 1401 2868; x_wconf 82' lang='lat' dir='ltr'><strong>dignitate</strong></span> <span class='ocrx_word' id='word_1_486' title='bbox 1432 2826 1617 2867; x_wconf 84' lang='lat' dir='ltr'><strong>privatum</strong></span> 
     </span>
     <span class='ocr_line' id='line_1_48' title="bbox 134 2882 1619 2928; baseline -0.001 -11"><span class='ocrx_word' id='word_1_487' title='bbox 134 2886 170 2917; x_wconf 90' lang='lat' dir='ltr'><strong>et</strong></span> <span class='ocrx_word' id='word_1_488' title='bbox 192 2885 342 2918; x_wconf 78' lang='lat' dir='ltr'><strong>fortasse</strong></span> <span class='ocrx_word' id='word_1_489' title='bbox 365 2886 528 2928; x_wconf 89' lang='lat' dir='ltr'><strong>Cyprum</strong></span> <span class='ocrx_word' id='word_1_490' title='bbox 553 2886 706 2922; x_wconf 83' lang='lat' dir='ltr'><strong>missum</strong></span> <span class='ocrx_word' id='word_1_491' title='bbox 731 2893 821 2926; x_wconf 91' lang='lat' dir='ltr'><strong>esse,</strong></span> <span class='ocrx_word' id='word_1_492' title='bbox 854 2884 981 2916; x_wconf 90' lang='lat' dir='ltr'><strong>deinde</strong></span> <span class='ocrx_word' id='word_1_493' title='bbox 1011 2892 1098 2916; x_wconf 87' lang='lat' dir='ltr'><strong>vero</strong></span> <span class='ocrx_word' id='word_1_494' title='bbox 1128 2885 1211 2925; x_wconf 89' lang='lat' dir='ltr'><strong>post</strong></span> <span class='ocrx_word' id='word_1_495' title='bbox 1241 2884 1355 2925; x_wconf 89' lang='lat' dir='ltr'><strong>patris</strong></span> <span class='ocrx_word' id='word_1_496' title='bbox 1385 2882 1527 2916; x_wconf 87' lang='lat' dir='ltr'><strong>obitum</strong></span> <span class='ocrx_word' id='word_1_497' title='bbox 1551 2891 1619 2925; x_wconf 90' lang='lat' dir='ltr'><strong>per</strong></span> 
     </span>
    </p>
   </div>
  </div>
 </body>
</html>
