1858 3126
0 1653 26 1875 ’.φτ-,τψκςῃρξῑρῑῇ-Ι·
0 1603 11 1620 τι
0 1557 15 1563 j
3 1537 6 1540 Δ

536 122 626 156 Vln.
663 123 731 156 Res
754 124 792 156 et
814 122 927 157 verba
950 124 1179 158 notabiliora.

15 271 17 274 ⁴
54 258 275 306 raptamu-
304 258 550 307 έκρεαὸότ-ησεν
575 259 644 295 ἀπὸ
671 263 735 307 τῆς
757 258 820 295 θυ-

8 335 19 362 ,²
56 334 59 339 ν
110 315 185 356 σίας
205 315 286 357 τοὺς
307 316 541 364 τροχάσαντας
568 316 632 362 τήν
655 315 820 363 λαμπάδα

15 406 19 422 3
53 395 59 398 >
110 373 189 418 ⁵164,
209 381 248 409 54

51 436 191 483 κρήνη·
214 439 340 482 κρῆναι
363 437 442 480 483,
459 443 534 471 150.
556 443 631 472 180.
672 437 727 471 ἐπὶ
749 441 817 471 τῶν

53 503 59 526 T
109 491 282 539 δημοσίων
321 498 458 540 κρηνῶν
497 494 576 538 483,
608 501 684 530 108.
748 499 817 530 τῶν

105 550 388 597 κακουργούντων
403 557 422 579 .’
447 550 524 598 περὶ
573 550 634 590 τὰς
687 551 818 598 κρήνας

51 623 60 630 -
107 607 186 651 483,
206 614 270 642 185

49 668 202 716 κρηπίς·
237 669 295 705 ἐπὶ
319 674 386 717 τῆς
417 671 586 718 κρηπῖδος
615 674 677 706 τοῦ
711 670 816 707 αὐτοῦ

50 738 55 743 ·
107 725 198 773 ἱεροῦ
223 727 300 772 194,
315 735 369 763 81.
409 727 596 775 ίεροθεσίου
616 729 716 764 τοῦδε
731 741 816 777 κρη·

14 821 18 823 ,
48 808 52 809 ⁷
105 782 208 819 πεῖδα
230 784 311 829 383,
327 791 370 820 96

10 856 26 872 ³·
51 844 177 891 ’κριθαί
198 846 277 891 748,
295 853 336 883 21

0 904 13 912 “’
54 902 207 950 κρίματα
231 904 393 949 335,100

49 959 179 1006 κρίνω·
204 959 267 996 ὅσα
290 960 398 1002 ἔξεστί
414 974 474 1008 μοι
496 962 639 1011 κρείνειν
663 964 722 999 καὶ
741 976 814 999 ποι-

104 1019 155 1052 εἴν
180 1017 259 1062 669,
278 1026 309 1054 8.
350 1017 498 1067 ἐχθρούς
521 1032 558 1054 τε
581 1020 730 1066 νομίζων
755 1021 814 1060 οὓς

104 1071 145 1109 ἂν
169 1073 266 1110 αὐτοὶ
285 1074 444 1123 κρίνωσιν
467 1078 546 1121 532,
564 1084 615 1112 u.
634 1084 688 1112 24.
727 1078 814 1125 κλη-

102 1130 310 1177 ρωσάτωσαν
363 1133 420 1167 τὸν
473 1137 654 1180 κρινοῦντα
701 1134 811 1180 δῆμον

48 1191 58 1197 '
100 1189 182 1232 437,
193 1196 247 1223 80.
285 1189 394 1238 χωρὶς
408 1192 470 1224 τοῦ
485 1188 618 1235 κρεῖναι
633 1191 691 1225 τὸν
709 1191 811 1238 ἔπαρ-

0 1291 2 1295 .
101 1246 284 1292 χον’669,
311 1254 364 1281 53.
420 1246 538 1286 ὁσάκις
576 1248 728 1297 ἔπαρχος
765 1268 812 1275 -

48 1306 53 1310 ’
101 1301 250 1349 ἔφθασεν
284 1303 419 1350 κρείνας
454 1303 625 1340 ἀπολῦσαι
658 1305 736 1350 669,
757 1314 810 1341 36.

101 1358 134 1394 εἴ
147 1371 182 1394 τι
203 1358 321 1406 κριθὲν
337 1359 494 1408 ἀπελύθη
514 1361 538 1407 ἢ
555 1362 811 1409 ἀπολυθήσεται

98 1417 180 1461 669,
198 1425 252 1452 30.
289 1422 357 1452 τῶν
381 1418 417 1452 ἐν
440 1419 486 1466 τῇ
509 1418 605 1466 φιλία
622 1418 810 1466 κριθέντων

50 1483 53 1486 ·
100 1472 222 1519 δήμων
244 1485 283 1509 τε
304 1473 362 1509 καὶ
386 1473 495 1511 ἐθνῶν
527 1477 607 1520 437,
624 1485 656 1511 4.
676 1483 730 1512 27.
778 1477 810 1512 οἱ

47 1532 55 1539 ”
97 1527 171 1565 κατ’
201 1529 309 1579 ἀνδρα
345 1531 541 1577 κεκριμένοι
575 1532 610 1567 ἐν
645 1534 688 1582 τῇ
724 1534 809 1579 πρὸς

92 1583 293 1632 Ρωμαίους
325 1587 422 1634 φιλίᾳ
449 1589 528 1633 438,
547 1597 578 1624 2.
625 1590 663 1624 τὸ
694 1591 808 1625 κοινὸν

95 1647 165 1678 τῶν
190 1643 246 1690 ὑφ’
262 1644 384 1680 ἑαυτοῦ
416 1642 634 1692 συνηγμένων
663 1646 722 1681 καὶ
751 1659 808 1681 κε-

95 1700 268 1746 κριμένων
293 1701 372 1746 326,
391 1709 421 1736 0.
459 1703 503 1737 τὰ.
532 1700 583 1736 υπ’
604 1704 688 1749 ἐμοῦ
719 1703 809 1746 ἅπαξ

97 1758 284 1803 κεκριμένα
306 1758 364 1792 καὶ
387 1759 644 1806 προσταχθέντα
662 1756 746 1805 ι664,
767 1769 804 1796 14

47 1819 227 1866 κριοβύλια
251 1822 330 1865 764,
349 1827 388 1855 27

0 1870 17 1904 ³-
47 1881 156 1935 ’κρίσις
192 1884 271 1928 244,
297 1891 349 1919 95.
387 1885 465 1929 335,
491 1892 544 1920 3ο.
570 1892 622 1920 72.
649 1894 701 1921 99.
731 1894 806 1922 144.

96 1939 161 1987 πρὸ
183 1943 246 1986 τῆς
268 1940 413 1987 κρίσεως
442 1942 521 1984 484,
539 1949 592 1976 46.
632 1942 704 1988 πρὸ
733 1943 805 1990 κρί-

98 1996 193 2045 σειίοςς
213 1997 292 2042 484,
317 2006 370 2034 50.
425 1998 474 2037 είς
512 1999 622 2046 κρίσιν
662 1999 806 2048 ἄγεσθαι
838 2038 842 2052 ¹

95 2053 175 2098 669,
193 2061 248 2089 39.
293 2053 464 2094 ἀθάνατος
492 2055 600 2101 κρίσις
631 2057 709 2101 383,
728 2065 804 2093 207.

94 2109 220 2155 κρίσεις
243 2111 323 2156 484,
343 2118 395 2146 52.
435 2111 635 2153 ἀκολούθως
658 2115 703 2162 τῇ
729 2115 805 2161 περὶ

3 2210 6 2211 ⁷
94 2167 155 2205 τὰς
177 2166 301 2214 κρίσεις
327 2167 503 2215 ἐπιμελείᾳ
527 2171 604 2215 502,
625 2179 641 2205 8

44 2230 185 2275 κριτής·
226 2229 402 2265 ἐπίλεκτον
436 2233 554 2278 κριτὴν
590 2233 630 2268 ἐκ
663 2240 731 2269 τῶν
768 2235 804 2271 ἐν

94 2282 217 2332 Ῥώμῃ
253 2286 440 2333 δεκουριῶν
477 2289 555 2332 567,
580 2297 639 2326 10.,
690 2292 804 2336 κριταί

0 2368 17 2393 ..η
94 2345 173 2386 335,
188 2349 229 2378 28
243 2352 322 2386 sqq.

0 2414 18 2453 3
43 2405 166 2451 κρύος·
190 2405 280 2453 κρύη
307 2406 384 2450 199,
402 2413 418 2439 7

4 2462 210 2515 Ῐζ,ᾳρυπτός·
257 2468 391 2516 κρύπτᾳ
429 2468 573 2517 ψάφιγγι
613 2472 644 2515 8,
671 2479 722 2507 10.
749 2481 801 2508 57.

49 2553 61 2560 .
92 2525 172 2564 τοὺς
202 2525 342 2573 ὀχετοὺς
373 2526 542 2572 κρυπτοὺς
577 2531 687 2563 ποιεῖν
723 2530 801 2573 483,

4 2577 21 2629 5³}
53 2605 57 2607 -
95 2589 150 2617 69.
168 2590 209 2617 ⁷5

0 2635 22 2692 Ῑξ
42 2647 163 2691 κτῆμα
192 2646 224 2689 2,
244 2653 274 2679 4.
324 2646 485 2691 κτήματα
520 2647 551 2689 2,
571 2654 601 2681 s.
629 2654 682 2682 25.
721 2648 800 2692 669,

49 2718 56 2741 :.
94 2707 148 2736 20.
168 2709 221 2736 31.
240 2708 280 2737 38

1 2754 22 2804 ἔ
42 2767 170 2809 κτῆνος
180 2763 326 2804 ποτίζειν
341 2766 506 2809 483,169.
535 2765 645 2811 κτήνη
658 2766 736 2810 215,
747 2773 799 2801 24.

0 2811 24 2876 ξ
47 2837 61 2873 f
92 2820 261 2864 218‚109.
285 2822 365 2866 483,
380 2828 456 2857 172.
495 2822 604 2868 κτήνη
621 2823 800 2871 νωτοφόρα

8 2889 14 2897 <
92 2877 170 2921 200,
191 2885 229 2912 14

1561 127 1645 168 677

887 265 1022 307 κτῆσις·
1047 260 1148 307 ὑμεῖν
1170 260 1376 307 συνήδεσθαι
1397 266 1460 309 τῆς
1483 267 1551 297 τῶν
1575 275 1646 298 τοι·

933 317 1043 352 ούτων
1067 317 1216 353 πολιτῶν
1239 318 1396 365 κτήσεως
1421 319 1498 363 504,
1518 327 1535 354 5

886 374 1007 414 κτίζω·
1031 375 1069 410 τὸ
1086 378 1255 422 μνημεῖον
1273 374 1403 410 ἔκτισεν
1421 377 1500 419 (-·αν)
1517 376 1596 420 630,
1614 384 1644 411 1.

879 456 882 458 -
934 432 1012 475 642,
1035 440 1062 466 1.
1102 433 1165 479 τὴν
1189 432 1267 468 ὁδὸν
1290 433 1408 471 κτίσας
1424 434 1511 476 606,
1531 441 1561 468 5.
1603 432 1645 467 ἐκ

932 487 1104 533 θεμελίων
1141 488 1284 535 ἐκτίσθη
1314 490 1391 533 722,
1417 497 1447 524 8.
1501 489 1642 536 ἐκτίσθη

932 545 970 579 τὸ
1009 549 1125 592 τεῖχος
1164 547 1243 590 614,
1265 553 1295 581 3.
1349 545 1545 586 κτισθέντος
1582 551 1643 582 τοῦ

933 603 1185 648 σημαινομένου
1211 603 1302 649 ἱεροῦ
1328 605 1406 647 736,
1421 611 1451 638 2.
1495 605 1545 651 τῷ
1571 617 1643 639 κτι-

932 657 1046 694 σθέντι
1068 659 1266 707 τετραπύλῳ
1295 661 1373 704 722,
1394 669 1432 696 11

883 716 1009 762 κτίσμα
1031 715 1228 756 ἀξιοθέατον
1262 716 1398 765 ἱδρύσας
1430 718 1507 762 610,
1528 727 1558 754 6.
1603 719 1642 753 τὸ

930 773 1151 820 παμμέγεθες
1173 773 1299 819 κτίσμα
1321 773 1502 822 ἀνήγειραν
1527 776 1606 818 619,
1622 783 1639 808 6

883 830 1022 876 κτίστης
1049 831 1125 874 111,
1145 839 1175 866 9.
1201 832 1278 875 253,
1298 838 1328 866 2.
1354 831 1432 875 301,
1451 840 1482 866 4.
1512 832 1590 876 340,
1611 840 1641 867 3.

931 888 1008 931 358,
1023 894 1054 923 2.
1079 888 1158 931 491,
1174 896 1203 923 5.
1228 889 1351 932 492,7.
1377 889 1495 933 531,7.
1521 890 1638 933 546,9.

930 946 1008 988 547,
1030 951 1081 979 12.
1118 946 1196 989 549,
1221 953 1252 980 4.
1296 946 1374 990 560,
1394 953 1445 980 19.
1489 947 1567 990 767,
1588 954 1639 981 13.

928 1001 1061 1037 κτίσται
1098 1003 1174 1046 182,
1194 1010 1224 1037 3.
1274 1002 1412 1047 κτίστης
1447 1002 1497 1037 ἑνὶ
1531 1003 1642 1049 καιρῷ

929 1058 1062 1094 δώδεκα
1092 1058 1227 1095 πόλεων
1259 1057 1426 1105 (Τιβέριος
1459 1057 1640 1105 Σεβαστός)

927 1117 1080 1159 471,10.
1128 1116 1264 1151 κτίστου
1296 1121 1363 1150 τῶν
1396 1115 1494 1161 ίερῶν
1523 1117 1638 1151 τύπων

929 1173 1006 1215 531,
1031 1180 1062 1207 4.
1114 1172 1196 1211 τοὺς
1224 1172 1362 1212 κτίστας
1392 1176 1453 1207 τοῦ
1483 1171 1637 1221 ,Τυχαίου

928 1231 1006 1274 585,
1026 1238 1042 1264 4

879 1286 1091 1333 κυβερνήτης
1122 1289 1200 1332 697,
1221 1295 1249 1322 4.
1298 1287 1509 1334 κυβερνήτης
1535 1284 1638 1334 Ἐρυ-

926 1343 1070 1389 θραϊκός
1095 1345 1173 1388 674,
1193 1353 1223 1379 9.
1271 1343 1483 1391 κυβερνήτης
1508 1342 1635 1380 Νείλου

927 1401 1004 1444 676,
1025 1407 1042 1434 2

879 1456 1015 1492 κύκλιοι
1038 1457 1169 1506 ἀγῶνες
1193 1459 1271 1502 213,
1291 1466 1331 1494 38

878 1514 997 1561 κύκλῳ
1025 1527 1064 1550 τε
1095 1515 1225 1551 ἐκείνου
1253 1519 1314 1550 τοῦ
1346 1515 1438 1562 ἱεροῦ
1461 1534 1507 1541 -
1537 1514 1636 1554 οὗτος

926 1572 944 1606 ὁ
967 1573 1072 1612 τόπος
1094 1572 1220 1611 ἄσυλος
1243 1572 1331 1607 ἔστω
1353 1574 1434 1616 455,
1454 1579 1494 1608 12

877 1629 1064 1675 κυνηγέσια
1089 1630 1166 1673 529,
1188 1638 1227 1664 15

876 1686 1059 1731 κυνηγέται
1082 1686 1137 1730 20,
1156 1693 1173 1720 2

877 1743 1035 1788 κυνήγιον
1062 1744 1140 1786 533,
1159 1751 1189 1777 7.
1211 1751 1262 1778 11.
1283 1750 1322 1777 19

875 1799 997 1845 κυρεία
1028 1800 1106 1844 335,
1132 1806 1207 1835 129.
1233 1807 1308 1836 140.
1358 1798 1382 1845 ἡ
1419 1800 1633 1847 παγκτητικὴ

921 1857 1125 1903 τῆςχώρας
1149 1856 1268 1903 κυρεία
1291 1857 1369 1901 335,
1388 1863 1450 1891 137

875 1913 1055 1959 κυριακός·
1091 1912 1190 1952 εἰδὼς
1223 1916 1324 1948 τοῦτο
1355 1913 1541 1959 συμφέρειν
1572 1914 1634 1948 καὶ

920 1974 996 2008 ταῖς
1018 1974 1198 2017 κυριακαῖς
1221 1971 1350 2017 ὼήφοις
1374 1971 1526 2015 669,13.
1566 1969 1632 2010 ἔξω

919 2032 988 2061 τῶν
1012 2026 1220 2073 ὀφειλόντων
1237 2027 1284 2066 εἰς
1308 2028 1366 2063 τὸν
1386 2030 1549 2102 κυριακὸν
1572 2027 1632 2062 λό-

919 2096 979 2130 γον
1004 2084 1143 2127 669,18

874 2140 990 2186 κύριος
997 2142 1153 2186 passim.
1177 2141 1280 2188 κυρία
1292 2116 1501 2188 ἐκκλησία4,
1507 2150 1564 2177 74.

921 2199 975 2242 55,
989 2207 1018 2233 5.
1043 2201 1098 2243 57,
1109 2206 1139 2233 2.
1165 2201 1220 2243 58,
1231 2207 1261 2234 2.
1299 2200 1538 2244 ὑκυριώτατος
1550 2159 1630 2237 θέὸς

918 2259 979 2289 τοῦ
1004 2255 1095 2302 ἱεροῦ
1119 2258 1174 2300 90,
1194 2264 1232 2290 44

872 2312 1001 2358 κυρόω·
1031 2315 1110 2351 νοῦς
1136 2313 1174 2347 δὲ
1197 2312 1287 2347 θεῶν
1312 2311 1482 2357 ἐκύρωσεν
1513 2312 1629 2357 (νόμον

917 2370 1048 2411 τοῦτον)
1084 2370 1162 2414 383,
1188 2376 1263 2404 122.
1321 2370 1423 2416 τιμὴν
1458 2370 1629 2415 ἡρωϊκὴν,

918 2427 962 2472 ἣν
975 2426 1146 2465 ἀθάνατος
1156 2426 1263 2473 κρίσις
1276 2425 1444 2473 ἐκύρωσεν
1461 2426 1541 2469 383,
1550 2433 1613 2460 207
1619 2451 1628 2460 .

916 2489 1070 2529 κυρῶσαι
1106 2484 1168 2530 μὲν
1202 2485 1260 2519 τὸν
1297 2483 1385 2529 ἱερὸν
1424 2483 1530 2528 νόμον
1570 2483 1628 2516 τὸν

918 2540 1208 2586 ἀπολελειμμένον
1218 2540 1283 2576 ὑπὸ
1293 2538 1479 2586 Κράτωνος
1493 2539 1591 2582 326,3
1599 2546 1628 2572 4.

916 2597 1130 2644 κυρωθέντος
1150 2597 1188 2632 δὲ
1210 2602 1260 2632 τῶ
1284 2596 1501 2644 ψαφίσματος
1526 2597 1558 2639 2,
1573 2603 1626 2629 38.

917 2653 1052 2688 ἐπειδὰν
1067 2653 1214 2700 κυρωθῇ
1230 2653 1283 2696 (τὰ
1298 2653 1391 2697 τέλη)
1416 2653 1466 2697 τῷ
1484 2650 1627 2696 μισθου-

918 2710 1010 2756 μένῳ
1040 2712 1118 2754 629,
1139 2718 1191 2745 12.
1237 2709 1277 2744 οὗ
1303 2708 1540 2755 (ψηφίσματος)
1569 2708 1628 2742 καὶ

916 2766 1130 2811 κυρωθέντος
1154 2767 1232 2809 764,
1251 2773 1290 2799 47

870 2822 1032 2868 κύρωσις·
1072 2819 1144 2856 κατ’
1180 2821 1283 2857 οὖσαν
1324 2822 1409 2867 μετὰ
1443 2824 1549 2857 ταῦτα
1589 2822 1625 2858 ἐν

917 2880 1052 2919 ἑαυτοῖς
1075 2879 1223 2927 κύρωσιν
1248 2881 1327 2924 455,
1348 2889 1386 2916 17
1455 2908 1459 2912 ,
1504 2910 1507 2912 ,
