1858 3126
72 153 153 200 594]
693 158 761 191 Res
786 157 1026 191 Sidoniorum.
1567 160 1650 202 285

69 295 333 336 Palaestinae,
383 295 696 348 Exscripserunt
724 296 826 336 Bliss
857 300 898 336 et
927 297 1166 350 Macalister,
1204 309 1379 350 quorum
1417 300 1649 352 exemplum

69 363 223 404 editum
236 366 300 405 est
313 363 504 417 Gomptes
520 365 670 405 rendus
686 365 737 405 de
754 362 988 405 l’academie
1005 366 1076 406 des
1092 366 1351 419 inscriptions
1370 367 1479 407 4902
1496 380 1536 420 p.
1551 368 1647 407 500.

176 473 478 533 Ἀπολλοφάνης
517 476 760 533 Σεσμαίουί,
807 476 928 534 ἄρξας
967 480 1044 520 τῶν
1086 478 1127 519 ἐν
1167 477 1377 535 Magalona
1416 479 1650 522 Σιδωνίων3

179 542 250 601 ἔτη
280 543 495 602 τριάκοντα
523 544 592 588 καὶ
622 545 712 602 τρία
742 544 811 589 καὶ
841 543 1043 602 νομισθεὶς
1077 546 1082 603 Ι
1114 545 1271 589 πάντων
1303 550 1380 590 τῶν
1410 545 1502 590 καθ’
1529 547 1647 591 αὑτὸν

155 614 452 670 “xp-questam<
488 613 558 657 καὶ
588 615 917 671 φιλοικειότατος,
951 615 1151 657 ἀπέθανεν
1185 615 1229 658 δὲ
1260 616 1409 672 βιώσας
1439 616 1509 673 ἔτη
1545 617 1549 672 Ι
1583 617 1648 673 ἑβ-

0 689 2 730 ζ
181 684 406 738 δομήκοντα
436 682 505 726 καὶ
534 683 712 741 τέσσαρα
741 684 784 726 ἐν
810 708 958 715 ------

157 811 171 841 4
206 808 347 844 Nomen
370 810 616 853 Phoenicium,
647 810 747 853 quod
770 810 864 844 redit
887 812 923 844 in
956 811 1063 845 titulo
1089 812 1223 854 Cyprio
1249 820 1282 844 n.
1303 814 1356 854 47,
1375 815 1406 845 5.
1456 812 1531 845 Illic
1560 821 1646 845 sane

64 865 137 899 iota
161 875 233 900 non
257 869 314 900 est
335 869 373 900 et
395 869 585 910 genetivus
609 869 646 900 in
669 879 746 905 -αος
771 868 884 911 cadit;
911 870 1032 901 tamen
1056 878 1128 902 non
1154 870 1210 902 est
1233 878 1318 902 cum
1337 869 1536 911 dubitetur,
1557 870 1646 911 quin

63 931 176 956 unum
202 923 372 967 idemque
395 933 530 958 nomen
554 925 611 958 sit.
728 927 748 957 2
781 926 981 968 Antiquum
1007 935 1140 959 nomen
1161 926 1287 969 oppidi
1312 935 1356 959 eo
1380 926 1461 960 loco
1485 926 1556 968 siti,
1582 927 1646 968 qui

62 989 159 1014 nunc
185 978 257 1015 Tell
279 978 536 1016 Samdahaoma
560 982 772 1025 appellatur.
892 986 910 1015 3
942 983 1090 1017 Colonia
1111 984 1347 1016 Sidoniorum
1372 985 1409 1016 in
1434 984 1646 1017 mediterra-

60 1045 169 1071 neum
194 1038 372 1081 oppidum
387 1040 556 1073 Marisam
581 1040 703 1073 missa.
744 1041 889 1083 Similis,
914 1041 982 1074 etsi
1000 1050 1072 1074 non
1090 1042 1195 1084 plane
1211 1041 1338 1075 eadem
1359 1042 1464 1084 ratio,
1489 1042 1643 1074 aliorum

59 1095 250 1129 titulorum
272 1105 353 1130 esse
368 1097 525 1140 videtur,
549 1097 613 1130 ubi
631 1106 715 1130 cum
736 1098 889 1131 ethnicis
909 1099 1099 1131 civItatum
1118 1099 1391 1131 Phoeniciarum
1413 1099 1645 1140 coniungitur

59 1151 131 1185 loci
154 1153 318 1197 alicuius,
347 1154 443 1190 unde
473 1155 565 1188 civis
590 1155 766 1188 oriundus
790 1156 848 1198 sit,
874 1156 1078 1198 appellatio.
1127 1155 1177 1188 Cf.
1204 1155 1291 1188 Bull.
1317 1156 1361 1188 de
1378 1165 1472 1189 corr.
1490 1156 1576 1188 Heli.
1594 1156 1642 1188 Xl

61 1210 149 1243 4887
174 1219 209 1253 p.
227 1213 293 1243 273
319 1212 365 1245 ad
388 1221 422 1245 n.
442 1214 496 1254 35,
516 1215 545 1246 4.
564 1215 583 1244 2
609 1208 834 1258 Κλεοπάτραν
852 1210 1086 1257 Φιλοστράτου
1103 1208 1254 1258 Ἀραδίαν
1278 1216 1346 1245 τῶν
1371 1211 1438 1245 ἀπὸ
1462 1209 1642 1258 Μαράθου.

59 1266 158 1299 XXII
183 1269 270 1300 4898
295 1277 330 1310 p.
351 1271 426 1311 409,
446 1272 476 1302 4.
494 1271 514 1301 2
540 1264 766 1314 Ἡλιο[δώρωι
790 1266 978 1311 Δ]ιονυσίου
1004 1266 1171 1302 Σιδωνίωι
1195 1268 1232 1314 ἐγ
1256 1267 1441 1315 Βαρυτὲου.

147 1458 237 1502 594
277 1462 455 1503 Puteolis
484 1475 615 1516 prope
645 1466 809 1516 portam
839 1465 1080 1504 Herculeam
1111 1468 1227 1504 eruta
1257 1465 1395 1504 tabula
1424 1465 1641 1504 marmoris

57 1530 137 1571 albi
181 1530 313 1571 fracta
355 1532 398 1570 in
440 1534 579 1584 partes
624 1533 737 1572 duas.
804 1533 893 1572 Non
939 1533 990 1572 ab
1035 1533 1146 1572 omni
1189 1535 1306 1585 parte
1346 1536 1543 1573 accurate
1576 1534 1638 1573 ed.

57 1598 100 1637 F.
123 1599 327 1639 Halbherr
354 1600 508 1640 Notizie
538 1601 642 1652 degli
669 1602 780 1640 soavi
803 1601 904 1640 4894
943 1613 982 1640 n.
1009 1601 1101 1640 407.
1154 1602 1306 1641 Deinde
1336 1613 1429 1641 cum
1458 1602 1500 1641 in
1520 1603 1640 1641 Ame-

56 1667 183 1707 ricam
212 1669 253 1707 in
274 1680 460 1708 museum
481 1669 654 1709 civitatis
675 1669 877 1722 Miehigan
898 1671 1056 1710 delatus
1078 1674 1184 1710 esset
1203 1671 1319 1723 lapis,
1350 1672 1414 1710 W.
1433 1671 1637 1710 Dennison

57 1739 248 1788 ectypum
287 1737 544 1778 chartaceum
590 1739 774 1790 confecit,
817 1751 868 1778 ex
911 1751 992 1791 quo
1035 1740 1198 1778 titulum
1246 1739 1370 1778 edidit
1409 1740 1454 1778 R.
1485 1739 1639 1792 Cagnat

58 1803 248 1858 Comptes
277 1806 428 1847 rendus
466 1807 517 1847 de
544 1804 686 1847 l’acad.
720 1808 792 1847 des
822 1808 942 1847 inscr.
978 1808 1079 1846 4904
1119 1821 1159 1860 p.
1187 1808 1279 1846 492.
1339 1807 1396 1847 Cf.
1430 1820 1535 1860 quae
1562 1810 1639 1862 'ad-

56 1875 303 1914 notaverunt
332 1874 405 1915 Ph.
423 1876 574 1927 Berger
598 1876 693 1915 ibid.
717 1889 757 1928 p.
779 1876 858 1915 496
891 1879 930 1915 et
961 1875 1032 1915 Ch.
1049 1876 1468 1915 Clermont-Ganneau
1494 1889 1533 1929 p.
1553 1877 1636 1916 200

50 1939 263 1994 [repetitus
304 1947 364 1982 est
398 1944 538 1984 titulus
573 1945 712 1984 Revue
748 1944 1059 1996 archeologique
1091 1945 1310 1984 Troisieme
1340 1945 1443 1984 serie
1472 1945 1636 1983 XXXIX

58 2009 159 2049 4904
197 2023 238 2064 p.
264 2011 338 2050 464
377 2024 415 2051 n.
437 2013 509 2051 454
550 2016 589 2052 et
619 2025 684 2065 ap.
708 2014 754 2052 R.
773 2013 928 2064 Gagnat
957 2014 1081 2053 Inscr.
1104 2013 1171 2052 Gr.
1194 2013 1247 2052 ad
1266 2025 1332 2053 res
1354 2014 1470 2053 Rom.
1493 2017 1595 2066 pert.
1619 2015 1636 2052 I

55 2077 188 2129 p.⁴37
210 2079 368 2132 2420).
419 2081 465 2119 V.
489 2081 609 2120 etiam
631 2081 701 2121 Ch.
718 2081 1137 2121 Clermont-Ganneau
1157 2082 1317 2121 Recueil
1339 2079 1636 2133 d'archeologie

0 2152 2 2155 '
57 2146 250 2187 orientale
278 2148 463 2205 Ν-4904
509 2163 550 2202 p.
578 2151 660 2190 226
699 2151 726 2201 ξ
756 2151 822 2190 45.
880 2151 944 2190 Fr.
969 2150 1144 2191 Cumont
1178 2163 1244 2203 ap.
1282 2152 1635 2203 Pauly-Wissowa

11 2256 14 2260 ,
56 2214 444 2268 Realencyklopildie
475 2218 613 2270 Suppl.
636 2218 653 2256 Ι
682 2232 722 2271 p.
748 2219 841 2258 425.

165 2323 256 2369 Ἐπὶ
286 2326 446 2370 ὑπάτων
478 2329 650 2371 Λουκίου
680 2329 933 2385 Καισε[ννίου
963 2330 1031 2373 καὶ
1063 2330 1271 2385 Π(οπλίου)
1304 2329 1550 2374 Καλουισίου
1565 2332 1592 2386 ¹]
1626 2331 1630 2386 Ι

145 2453 299 2487 Litterae
322 2456 468 2488 ΘΠΕω.
517 2456 661 2488 Praeter
685 2457 845 2498 primum
869 2466 1018 2490 versum
1046 2458 1183 2500 ubique
1207 2459 1243 2490 in
1269 2459 1414 2491 Graecis
1437 2460 1473 2490 et
1497 2458 1633 2491 Latinis

54 2510 231 2544 vocabula
243 2512 394 2553 singulis
406 2513 552 2555 punctis
567 2513 853 2557 distinguuntur3
871 2516 908 2548 in
920 2523 1157 2548 numerorum
1169 2516 1267 2547 notis
1284 2515 1372 2548 adeo
1390 2524 1424 2547 v.
1434 2518 1454 2547 2
1474 2516 1632 2555 ·l.·[·A·,

55 2574 79 2597 v
108 2569 127 2598 3
153 2569 246 2601 ·Ι-Α·
280 2571 346 2605 est.
486 2573 499 2601 4
538 2570 629 2603 Cum
661 2571 837 2604 Halbherr
866 2570 1016 2606 Λουκίου
1046 2571 1105 2604 καὶ
1136 2569 1278 2605 Σε----
1310 2573 1466 2613 legisset,
1498 2572 1632 2612 Cagnat

53 2623 254 2657 rectissime
276 2628 398 2659 monet
421 2636 538 2669 neque
554 2628 652 2661 nudo
669 2629 903 2669 praenomine
925 2627 1076 2662 Λουκίου
1102 2629 1290 2660 consulem
1312 2628 1504 2669 significari
1521 2635 1632 2668 posse

54 2686 170 2720 neque
200 2683 307 2723 spatii
334 2684 540 2716 rationibus
570 2686 763 2718 convenire
793 2685 882 2717 illud
914 2685 1227 2727 supplementum
1266 2686 1379 2716 immo
1410 2685 1487 2716 sine
1518 2683 1629 2715 dubio

53 2735 180 2768 ΚΑΙΣΕ
203 2740 360 2772 nominis
385 2742 526 2782 gentilis
550 2742 693 2774 initium
712 2750 802 2774 esse.
843 2743 918 2774 lam
942 2750 1027 2774 cum
1052 2742 1096 2773 de
1119 2742 1215 2773 tituli
1232 2743 1348 2773 aetate
1364 2741 1468 2782 plane
1486 2740 1631 2771 constet

53 2792 137 2833 (not.
154 2794 197 2834 2),
222 2798 350 2836 sponte
368 2806 407 2830 se
422 2797 551 2830 offerre
567 2799 603 2831 L.
622 2799 763 2831 lunium
783 2798 1020 2831 Caesennium
1038 2798 1198 2838 Paetum,
1224 2806 1332 2838 quem
1350 2796 1538 2828 consulem
1556 2794 1630 2827 suf-

51 2849 185 2882 fectum
208 2851 319 2884 fuisse
334 2862 419 2885 cum
435 2855 471 2888 P.
487 2856 642 2888 Calvisio
660 2856 806 2887 Rusone
823 2851 1069 2896 extriptycho
1088 2854 1305 2894 Pompeiano
1324 2862 1380 2893 ap.
1399 2853 1460 2885 Th.
1476 2852 1628 2884 Momm-

52 2915 116 2939 sen
134 2906 286 2940 Hermae
300 2909 414 2941 xxm
437 2919 471 2952 p.
491 2913 555 2944 459
581 2914 708 2945 notum
733 2913 790 2944 sit.
830 2912 973 2944 Annum
991 2911 1110 2943 adhue
1133 2909 1400 2951 ignorabamus,
1426 2909 1490 2941 sed
1512 2917 1627 2941 unum
