1858 3126
205 118 288 158 192
368 117 458 150 Vlll.
495 117 642 159 Imperii
660 117 812 150 Romani
830 118 1037 159 provinciae
1055 118 1256 151 orientales.
1298 120 1328 150 2.
1354 119 1522 161 Bithynia
1547 120 1614 153 ete.
1706 119 1786 162 [530

290 263 382 307 530
422 267 575 307 Tabula
611 278 759 319 magna.
795 269 1013 308 marmoris
1045 268 1136 320 albi,
1176 269 1217 308 in
1254 280 1398 321 campo
1434 269 1539 309 inter
1577 268 1786 310 theatrum

200 335 413 387 antiquum
459 336 566 375 Notii
614 336 754 389 oppidi
798 339 838 376 et
877 337 1012 376 vicum
1058 337 1302 377 hodiernum
1344 334 1609 378 Giaur—Kbi.
1666 339 1785 378 quta

199 404 310 444 hunc
345 405 508 444 titulum
545 417 569 445 a
600 405 745 445 dextra
781 406 882 446 alius
919 407 1058 446 similis
1098 406 1406 446 Laodicensium
1441 418 1466 446 a
1501 408 1622 460 Lyco.
1681 408 1781 447 Edd.

199 474 234 513 J.
259 471 518 513 Chamonard
549 478 588 515 et
618 475 660 514 E.
685 475 870 526 Legrand
891 475 988 514 Bull.
1014 475 1063 515 de
1085 487 1187 515 corr.
1212 475 1310 515 Hell.
1333 476 1458 516 XVIII
1479 475 1510 529 (4
1522 475 1618 528 894)
1639 489 1679 530 p.
1698 476 1781 516 246

199 553 238 581 n.
264 541 287 580 3
322 540 378 594 (B.
403 542 679 583 Haussoullier
707 544 846 583 Revue
878 544 928 583 de
957 543 1175 596 philologis
1205 543 1314 583 XXII
1346 544 1456 584 4898
1486 557 1527 597 p.
1551 544 1633 584 259
1665 557 1703 585 n.
1727 544 1781 596 2).

311 662 462 723 Ἀγαθῇ
507 667 623 724 τύχῃ.
669 667 673 724 l
711 664 894 723 Ἀμισοῦ1
941 668 1159 725 ἐλευθέρας
1200 667 1268 710 καὶ
1313 668 1548 725 αὖτοΙνόμου
1583 668 1652 711 καὶ
1689 670 1784 725 ὁμο-

270 746 290 779 5
318 736 489 777 σπόνὸου
511 733 787 793 (ΡωΙμαίοιςῬ
820 736 884 779 ἐπὶ
914 735 1145 793 πρυτάνεως
1162 733 1445 794 ἈπόλΗλωνος3
1472 736 1516 779 τὸ
1549 734 1640 794 ξγ’4,
1675 738 1784 794 ἱερα-

314 804 496 852 τεύοντος
539 804 739 862 Μ(άρκου)
783 803 1017 861 Ο(ι’>)λ(πίου)
1067 805 1072 862 1
1118 802 1421 862 Ἀρτεμιδώρου,
1482 806 1785 863 θεσπι(ῳ)δοΰν-

291 988 445 1022 Litterae
469 983 764 1032 Aheefxnccm
790 989 822 1029 ξῖ
845 1000 880 1023 v.
899 993 917 1023 5
942 989 973 1030 Ξ
997 991 1062 1033 est,
1088 999 1121 1023 v.
1142 993 1184 1023 46
1209 992 1252 1024 Ξ.
1293 990 1433 1024 Nomen
1458 991 1588 1034 gentile
1612 991 1710 1033 quod
1727 994 1783 1026 est

199 1042 350 1083 Οὔλπιος
376 1056 408 1079 v.
431 1050 449 1079 5
468 1046 528 1080 fin.
555 1047 772 1089 compendio
798 1045 852 1080 ΟΛ
873 1048 1100 1090 exprimitur.
1219 1050 1232 1079 4
1273 1048 1454 1091 Oppidum
1480 1049 1583 1082 Ponti
1607 1049 1716 1082 situm
1745 1051 1780 1083 in

199 1102 319 1136 littore
351 1104 460 1137 maris
492 1105 585 1137 inter
610 1104 733 1147 Halyis
758 1106 794 1137 et
818 1105 922 1138 Iridis
955 1105 1147 1137 fluminum
1179 1113 1252 1148 ora,
1282 1114 1349 1147 per
1378 1107 1552 1148 quartum
1582 1115 1612 1139 a.
1638 1106 1719 1139 Chr.
1746 1116 1780 1140 n.

200 1161 385 1194 saeculum
413 1161 692 1195 Atheniensibus
717 1163 854 1195 colonis
880 1163 1038 1205 acceptis
1071 1162 1330 1205 aliquantisper
1353 1160 1528 1208 Πειραιεύς
1559 1163 1779 1206 appellatum

200 1217 313 1260 (ΞΥΙΙ.2
339 1217 446 1261 4342),
473 1219 542 1252 sub
567 1220 731 1252 eiusdem
755 1220 890 1253 saeculi
914 1219 1022 1252 finem
1047 1220 1093 1252 ad
1117 1220 1312 1262 pristinum
1337 1229 1469 1253 nomen
1488 1220 1604 1253 rediit.
1652 1221 1781 1254 Postea

200 1274 269 1307 sub
300 1284 424 1317 regum
457 1277 558 1309 Ponti
589 1278 742 1319 imperio
773 1277 850 1319 fuit,
886 1277 979 1310 bello
1011 1277 1252 1310 Mithridatico
1288 1277 1401 1310 altero
1432 1287 1453 1310 a
1483 1277 1630 1311 Lucullo
1662 1280 1778 1321 capta,

199 1333 264 1366 sed
288 1333 416 1366 deinde
446 1335 622 1377 restituta,
657 1345 749 1368 anno
778 1337 817 1367 47
844 1345 874 1367 a.
893 1335 972 1367 Chr.
991 1344 1024 1367 n.
1051 1345 1070 1367 a
1096 1335 1276 1368 Pharnace
1307 1335 1502 1368 crudeliter
1533 1335 1665 1379 habita,
1695 1338 1780 1378 post

199 1391 278 1423 eius
303 1391 440 1423 cladem
468 1401 488 1424 a
513 1392 664 1425 Caesare
689 1392 839 1425 liberata
864 1394 928 1425 est.
979 1393 1139 1434 Denique
1172 1401 1255 1424 cum
1278 1393 1437 1426 Amiseni
1455 1393 1632 1426 Stratonis
1657 1394 1779 1436 tyran-

199 1448 282 1480 nide
314 1450 434 1481 vexati
465 1452 595 1492 essent,
632 1452 717 1492 post
748 1451 939 1482 victoriam
969 1449 1152 1482 Actiacam
1187 1450 1222 1482 C.
1248 1450 1378 1483 Caesar
1402 1450 1618 1484 Octavianus
1650 1459 1712 1484 eos
1742 1451 1779 1484 in

198 1505 401 1538 libertatem
428 1508 597 1539 restituit.
645 1507 757 1539 Hodie
783 1507 958 1549 oppidum
986 1505 1149 1540 Samsun
1180 1507 1393 1549 appellatur.
1449 1507 1497 1540 Cf.
1523 1508 1560 1540 G.
1579 1507 1779 1542 Hirschfeld

201 1571 256 1604 ap.
276 1563 592 1606 Pauly-Wissowa
617 1565 963 1607 Realencyklopadie
989 1565 1050 1607 1,2
1076 1573 1110 1607 p.
1132 1567 1280 1606 4839sq.
1386 1567 1405 1597 2
1440 1565 1658 1598 Libertatem
1682 1565 1779 1598 Ami-

201 1628 371 1653 senorum
409 1624 553 1663 praeter
597 1623 695 1655 hune
731 1622 876 1655 titulum
915 1624 950 1655 et
984 1631 1158 1655 nummos
1197 1623 1392 1664 inscriptos
1428 1618 1561 1667 Ἀμισοῦ
1597 1621 1779 1667 ἐλευθέρας

198 1678 353 1710 testatur
377 1678 512 1712 Plinius
536 1679 614 1712 Nat.
633 1680 715 1712 hist.
741 1679 797 1722 VI,
824 1682 862 1712 7:
895 1677 1068 1712 Amisum
1091 1677 1244 1712 liberum
1270 1677 1463 1720 (amissum
1485 1677 1627 1712 iherwm
1651 1679 1778 1723 codd),

201 1732 335 1778 Sinope
363 1733 514 1769 CXXX.
575 1737 613 1770 G.
639 1737 839 1770 Hirschfeld
864 1737 885 1769 l.
911 1737 932 1769 l.
973 1737 1076 1776 Quod
1106 1737 1166 1770 hie
1196 1737 1304 1770 etiam
1338 1736 1519 1770 foederata
1555 1735 1778 1780 (ὁμόσπονδος

193 1787 393 1836 Ῥωμαίοις)
431 1796 584 1827 vocatur
620 1796 759 1837 civitas,
807 1795 843 1827 id
873 1796 1043 1827 convenit
1080 1803 1163 1827 cum
1202 1795 1342 1827 Traiani
1382 1794 1511 1827 litteris
1542 1803 1598 1837 ap.
1623 1794 1777 1827 Plinium

197 1850 374 1882 minorem
400 1851 462 1894 Ep.
488 1852 531 1894 X,
551 1855 609 1884 93:
641 1850 844 1893 Amiseuos,
871 1861 1024 1895 quorum
1047 1850 1206 1885 libellum
1230 1850 1401 1895 epistulae
1424 1853 1506 1885 tuae
1534 1849 1718 1894 iunxeras,
1742 1850 1782 1885 si
1804 1888 1810 1894 ,

198 1906 332 1951 leqibus
356 1907 519 1952 istorum,
546 1908 675 1953 quibus
699 1909 741 1944 de
764 1908 885 1953 officio
915 1908 1109 1953 foederis
1133 1911 1294 1952 utzmtur,
1321 1919 1526 1943 comessum
1550 1911 1599 1942 est
1622 1919 1778 1944 eramu‘m

196 1963 334 2007 habere,
355 1976 552 2009 possumus
572 1966 766 2011 quominus
783 1966 936 2001 habeant
951 1977 1026 2001 nou
1042 1965 1227 2010 impedire.
1270 1967 1437 2000 Ceterum
1454 1967 1551 1999 hunc
1567 1968 1775 2008 genetivum

195 2017 330 2065 Ἀμισοῦ
355 2040 401 2046 ——
426 2022 639 2067 ὁμοσπόνδου
666 2021 856 2069 Ῥωμαίοις
887 2035 907 2058 a
940 2023 1126 2072 θεοπρόποι
1157 2034 1190 2057 v.
1219 2027 1260 2057 42
1298 2024 1453 2066 pendere
1489 2024 1550 2056 vix
1587 2025 1643 2057 est
1677 2025 1776 2067 quod

198 2089 375 2113 moneam.
418 2082 606 2115 Interiecta
637 2084 722 2115 sunt
754 2084 899 2116 nomina
931 2092 1057 2116 eorum
1082 2083 1144 2124 qui
1175 2082 1211 2114 in
1236 2082 1381 2114 civitate
1406 2081 1715 2123 Colophoniorum
1740 2083 1776 2115 et

196 2138 343 2170 oraculo
363 2138 479 2171 Clario
505 2140 566 2172 illo
593 2150 696 2182 anno,
721 2150 794 2182 quo
818 2140 978 2173 Amiseni
1004 2140 1039 2172 id
1064 2139 1239 2181 adierunt,
1266 2139 1419 2171 summis
1443 2138 1643 2172 honoribus
1663 2140 1775 2172 sacris

195 2196 230 2227 et
247 2195 415 2228 civilibus
434 2195 682 2238 fungebantur.
791 2201 808 2229 3
841 2198 991 2230 Summo
1011 2197 1167 2230 civitatis
1185 2197 1399 2238 magistratu
1423 2197 1502 2228 tum
1527 2196 1648 2238 ipsum
1673 2197 1773 2240 deus,

196 2252 301 2285 cuius
338 2253 373 2284 in
409 2254 521 2286 tutela
558 2255 607 2286 illi
641 2263 678 2287 se
709 2264 788 2288 esse
824 2255 1090 2297 existimabant,
1130 2255 1277 2287 ornatus
1307 2255 1372 2286 est.
1426 2253 1465 2286 Id
1495 2253 1566 2286 iam
1600 2262 1774 2296 persaepe

195 2308 329 2342 factum
355 2318 434 2342 esse
451 2319 624 2344 numerus
644 2313 727 2352 (not.
743 2314 773 2354 4)
801 2313 933 2346 indicio
959 2314 1013 2345 est
1021 2322 1029 2354 ;
1055 2321 1127 2354 qua
1143 2320 1227 2344 cum
1245 2320 1284 2343 re
1302 2311 1460 2353 perbene
1477 2311 1658 2353 convenit,
1675 2310 1774 2353 quod

195 2375 239 2399 ex
272 2369 445 2408 quattuor
477 2369 639 2401 eiusdem
673 2371 813 2411 generis
847 2371 961 2403 titulis
994 2370 1059 2412 qui
1095 2370 1248 2402 aetatem
1286 2368 1447 2401 tulerunt
1477 2377 1572 2400 unus
1605 2367 1703 2409 (Bull.
1729 2368 1774 2401 de

195 2432 288 2456 corr.
315 2424 400 2456 Hell.
426 2425 537 2457 XVIII
563 2435 595 2467 p.
615 2426 692 2467 247)
724 2426 910 2459 hominem
942 2428 1133 2469 prytanem
1164 2426 1283 2468 habet,
1317 2425 1380 2458 sed
1415 2425 1465 2458 ita
1496 2426 1537 2457 ut
1568 2425 1626 2457 hie
1657 2424 1776 2458 honos

195 2490 280 2514 cum
306 2482 495 2524 prophetia
520 2484 761 2525 coniungatur
779 2483 1007 2530 ([πρυτάν]εως
1032 2483 1066 2517 δὲ
1090 2482 1148 2517 καὶ
1172 2481 1349 2528 προφήτου
1374 2479 1571 2523 Κλ(αυδίου)
1592 2475 1772 2526 Ῥούφου),

195 2539 268 2572 duo
298 2548 384 2572 vero
416 2540 502 2572 item
532 2540 744 2584 Apollinem,
775 2538 947 2575 Μουσεῖον
979 2540 1040 2575 καὶ
1069 2539 1155 2586 βιβλ.
1186 2543 1247 2585 τῆς
1279 2538 1314 2572 ἐν
1341 2536 1479 2582 Σμύρνῃ
1504 2536 1615 2583 εὐαγγ.
1643 2536 1771 2585 σχολῆς

195 2597 240 2628 111
265 2605 299 2639 p.
319 2599 382 2629 220
410 2606 442 2629 n.
464 2599 540 2639 394,
562 2600 573 2628 4
604 2598 751 2630 tertium
778 2598 825 2639 (τὸ
843 2594 895 2643 γ’),
922 2599 1006 2631 ibid.
1032 2607 1067 2640 p.
1088 2601 1150 2630 429
1177 2607 1210 2630 n.
1229 2599 1305 2638 470,
1327 2599 1366 2628 42
1385 2595 1646 2637 sexagesimum
1666 2596 1773 2637 quin-

196 2656 274 2687 tum
300 2653 347 2696 (τὸ
373 2650 462 2696 ξε),
490 2654 611 2693 Quinti
636 2655 732 2687 tituli
759 2655 905 2696 (ibidem
931 2665 1040 2698 supra
1066 2665 1099 2688 n.
1120 2657 1182 2686 470
1214 2655 1258 2694 in
1280 2653 1409 2686 eodem
1442 2652 1570 2694 lapide)
1602 2653 1772 2695 superior

192 2721 280 2757 pars
304 2712 495 2754 intercidit,
520 2714 561 2744 ut
585 2713 748 2754 prytanis
767 2714 899 2746 mentio
917 2723 990 2746 non
1014 2714 1140 2745 exstet.
1262 2712 1279 2743 4
1312 2709 1538 2742 Chamonard
1557 2711 1591 2741 et
1609 2709 1770 2751 Legrand

195 2778 278 2802 cum
297 2769 388 2810 ΤΞΓ
411 2770 590 2811 legissent,
615 2778 749 2802 annum
768 2771 1064 2803 trecentesimum
1082 2768 1346 2810 sexagesimum
1366 2767 1513 2799 tertium
1531 2766 1681 2800 indicari
1699 2766 1769 2799 sibi

195 2828 464 2869 persuaserunt.
512 2826 558 2860 At
580 2814 612 2861 'f’
630 2827 666 2859 in
691 2827 808 2868 lapide
833 2836 912 2860 esse
938 2828 1092 2859 testatur
1118 2825 1373 2867 Haussoullier,
1399 2826 1440 2856 ut
1464 2826 1636 2866 appareat
1667 2833 1768 2857 sexa-

194 2885 371 2926 gesimum
397 2885 544 2917 tertium
571 2893 661 2927 esse,
686 2885 748 2926 qui
774 2893 949 2917 numerus
975 2884 1064 2916 bene
1089 2883 1260 2916 convenit
1284 2891 1367 2915 cum
1400 2883 1452 2914 eis
1483 2889 1577 2923 quos
1608 2881 1681 2914 duo
1708 2881 1769 2915 alii
