1858 3126
204 134 286 175 718

201 269 380 315 ὑπομένω·
418 268 520 314 ἡνίκα
546 268 633 314 μήτε
657 269 719 315 τὴν
745 268 856 317 ἀρχὴν
874 268 961 304 ’ἀνα-

247 327 367 373 λαβεῖν
392 325 569 372 ὑπέμεινέν
593 338 646 365 τις
680 325 768 372 μήτε
791 326 855 372 τὴν
880 337 962 373 προ-

249 383 391 430 φητείαν
408 384 487 427 494,
508 391 537 417 7.
578 382 690 418 πάντα
705 382 861 418 κίνδυνον
880 382 961 418 ὑπο-

250 443 362 486 μενεῖν
389 439 535 487 (ὄμνυμι)
563 441 699 484 532,18

202 496 477 544 ὑπομιμνήσκω·
495 497 802 543 ὑπομιμνήσκομεν
820 497 858 532 δὲ
873 497 962 543 ὑμᾶς

249 555 327 599 595,
348 562 401 590 16.
441 554 697 601 ὑπεμίμνησκον
724 555 801 599 595,
821 563 862 590 29

204 610 392 658 ὑπόμνημα
416 613 494 656 403,
516 620 586 646 19..
608 615 669 647 τοῦ
695 611 855 650 δοθέντος
879 612 962 647 ὑπο-

251 668 430 714 μνήματος
453 669 545 716 παρὰ
567 674 634 704 τῶν
660 669 696 704 ἐν
722 668 819 716 Θήρᾳ
842 681 962 704 τασσο-

250 726 360 770 μένων
388 732 601 773 στρατιωτῶν
627 728 680 770 59,
700 734 717 760 4

203 782 511 830 ὑπομνηματισμός
537 785 615 826 262,
636 792 652 817 3

204 838 562 887 ὑπομνηματογράφος
590 842 708 884 147,3.
737 842 812 885 163,
828 849 857 876 3.
884 842 962 885 736,

253 905 304 932 14.
331 897 474 945 ἔναρχος
486 897 847 945 ὑπομνηματογράφος
862 899 960 941 715,5

204 953 396 999 ὑπόνομος·
444 955 614 999 ὑπόνομοι
660 956 740 999 483,
776 961 851 990 162.
887 961 962 989 222.

249 1011 530 1059 ἀναγκαζέτωσαν
549 1011 763 1059 ἐκκαθαίρειν
781 1011 860 1050 τοὺς
883 1011 964 1046 ὑπο-

248 1069 377 1114 νόμους
401 1069 481 1113 483,
503 1077 564 1104 158

205 1124 402 1160 ὑποπίπτω·
429 1124 492 1161 ὅσα
516 1126 569 1161 δεῖ
590 1126 669 1164 τοὺς
693 1124 869 1171 μισθωτάς
885 1125 964 1164 τοὺς
997 1092 1001 1150 Ι

251 1181 520 1222 ὑποπείπτοντας
537 1184 579 1230 τῇ
592 1182 786 1230 ἀραβαρχίᾳ
803 1182 964 1228 πράσσειν

250 1241 328 1284 674,
350 1248 366 1274 3

205 1298 370 1336 ὕποπτος·
405 1298 493 1336 ὅστις
518 1294 549 1331 δ’
568 1297 608 1333 ἂν
637 1297 759 1333 ἐνθάδε
785 1297 965 1343 ἐπίτροπος

249 1358 309 1389 τοῦ
334 1354 453 1401 κυρίου
478 1354 500 1401 ἢ
527 1355 709 1400 οἰκονόμος
727 1354 876 1390 ὕποπτόν
892 1367 966 1389 τινα

252 1412 317 1459 ἔχη
342 1417 411 1446 τῶν
439 1411 473 1446 ἐν
490 1416 564 1451 τοῖς
581 1412 757 1459 δημοσίοις
773 1412 963 1460 πράγμασιν

252 1468 359 1503 ὄντων
386 1470 463 1513 669,
484 1476 524 1503 22

204 1525 425 1572 ὑποστρέφω·
452 1525 725 1573 ὑποστραφέντας
752 1526 788 1559 δὲ
811 1526 891 1564 τοὺς
909 1525 964 1559 ἐκ-

251 1583 415 1622 πεσόντας
458 1581 610 1627 Σαμίους
652 1580 862 1630 παρελέσθαι
902 1583 964 1628 τὴν

250 1641 366 1688 χώραν
393 1639 504 1674 αὐτῶν
533 1640 585 1684 13,
605 1646 658 1674 20.
679 1647 718 1675 21

205 1696 493 1742 ὑποταμιεύοντος
518 1698 597 1741 473,
618 1704 657 1731 10

203 1754 383 1789 ὑποτάττω
417 1756 446 1788 1.
472 1754 669 1800 subizmyo:
700 1754 737 1789 τὸ
764 1754 965 1801 ἀντίγραφον

253 1811 352 1857 ὑμεῖν
378 1811 526 1852 ὑπέταξα
549 1812 626 1856 669,
647 1818 676 1846 2.
727 1811 784 1846 σὺν
809 1812 860 1857 τῷ
880 1811 967 1846 ὑπο-

251 1869 445 1916 τεταγμένῳ
478 1869 709 1917 προστάγματι
739 1869 817 1913 665,
843 1876 872 1903 3.
924 1868 966 1902 τὰ

253 1925 509 1973 ὑποτεταγμένα
533 1926 616 1973 γένη
636 1925 793 1974 μετέχειν
818 1930 880 1971 ’τῆς
905 1938 966 1960 πο-

251 1982 376 2021 λιτείας
400 1983 478 2027 338,
499 1991 528 2018 8.
577 1983 753 2029 ἐψηφίσθη
779 1983 821 2018 τὰ
844 1983 966 2017 ὑποτε-

250 2041 401 2086 ταγμένα
441 2042 519 2084 629,
546 2048 574 2074 6.
631 2040 792 2079 ὑποτάξαι
832 2039 964 2085 ἑκάστῳ

252 2095 336 2130 εἴδει
359 2097 397 2130 τὸ
424 2097 464 2130 ἐκ
489 2096 670 2142 συνηθείας
692 2097 792 2135 τέλος
818 2098 895 2139 629,
913 2104 964 2130 11.

254 2151 404 2198 ὑπετάγη
430 2153 453 2198 ή
471 2153 678 2199 προκειμένη
698 2153 858 2199 ἐπιστολή
888 2153 963 2199 168,

255 2217 307 2245 52.
346 2210 384 2244 τὸ
403 2209 604 2258 ἀντίγραφον
624 2209 840 2257 ὑπετετάχεις
867 2211 963 2254 59,5.

252 2266 447 2314 ὑποτέταχα
478 2267 556 2310 665,
575 2274 606 2301 4.
656 2267 687 2301 2.
711 2266 852 2312 subiyo:
883 2266 964 2301 ὑπέ-

251 2323 336 2364 ταξα
363 2324 439 2368 199,
461 2331 511 2358 10.
532 2330 585 2359 21.
605 2331 658 2358 30.
701 2323 868 2365 ὑποτάξας
888 2324 963 2368 199,

257 2389 307 2416 13.
340 2388 393 2415 24.
425 2387 478 2415 27.
536 2380 761 2421 ὑποτάξαντες
801 2382 879 2424 200,
911 2388 963 2415 11.

252 2438 342 2472 ἄλλα
374 2438 412 2472 δὲ
441 2437 584 2473 πλεῖστα
616 2437 699 2484 ἔθνη
733 2437 855 2472 ἑκόντα
884 2437 964 2471 ὑπε-

251 2495 338 2541 τάγη
359 2495 434 2538 199,
448 2501 501 2528 25.
528 2493 704 2540 σύμπασαν
721 2495 783 2540 τὴν
797 2492 963 2539 Θηβαΐδα,

253 2551 301 2597 μὴ
324 2550 547 2597 ὑποταγεῐσαν
566 2554 639 2589 τοῖς
656 2550 856 2596 βασιλεῦσιν,
882 2549 965 2584 ὑπο-

251 2608 352 2650 τάξας
381 2609 460 2652 654,
481 2615 496 2641 7

208 2664 397 2711 ὑποτελής·
423 2665 458 2700 ἐν
482 2665 533 2710 τῷ
553 2663 729 2710 τελωνικῷ
748 2664 843 2710 νόμῳ
867 2664 964 2699 πλεῖ-

253 2734 315 2757 στα
347 2727 415 2757 τῶν
452 2721 622 2757 ὑποτελῶν
660 2721 723 2756 οὐκ
755 2720 964 2767 ἀνελήμφθη

254 2781 332 2824 629,
353 2788 369 2814 7

206 2836 408 2881 ὑποτίθημι·
435 2836 559 2884 πόρους
577 2855 619 2862 --
636 2836 714 2874 τοὺς
740 2833 965 2872 ὑποτεθέντας

253 2893 301 2931 εἰς
324 2894 362 2927 τὸ
389 2892 629 2938 βουλευτήριον
656 2894 710 2936 46,
733 2901 783 2928 10.
823 2903 965 2938 κομισα·

918 132 1069 166 Indices.

1836 0 1858 111 A}

1852 115 1858 127 1

1847 143 1858 171 J!

1851 223 1858 254 ¹.

1078 269 1188 315 μένων
1222 268 1274 308 οἷς
1307 269 1468 317 πρότερον
1501 268 1715 317 ὑπετέθησαν
1748 271 1792 314 (οἱ
1848 286 1858 326 3

1077 326 1187 372 πόροι)
1213 327 1268 370 46,
1289 333 1341 362 11.
1390 326 1446 362 ἐπὶ
1473 330 1547 365 τοῖς
1578 325 1790 362 ὑποτεθεῖσιν

1078 383 1194 422 αὐτοῖς
1217 403 1263 409 -
1288 382 1323 423 ἓξ
1345 382 1522 422 ταλάντοις
1547 385 1602 428 46,
1622 391 1674 419 15.
1696 392 1734 420 10

1033 439 1251 487 ὑποφυλακία
1275 439 1434 484 (Λυκίων)
1461 441 1539 485 566,
1561 449 1600 477 16

1033 496 1180 544 ὑποψία·
1221 496 1371 545 ὑφοψίαν
1407 497 1590 547 μοχθηράν
1631 500 1708 544 315,
1740 507 1791 535 58.

1077 555 1140 599 τὴν
1180 554 1406 602 πολυχρόνιον
1448 554 1543 602 ὑμῶν
1581 556 1698 603 μάχην
1734 557 1793 591 καὶ

1078 611 1225 656 ὑποψίαν
1250 612 1333 659 πρὸς
1358 611 1532 659 ἀλλήλους
1556 614 1635 657 502,
1655 621 1671 648 8

1034 668 1190 714 ὑστεραία
1206 669 1286 713 483,
1307 677 1347 703 84
1367 670 1421 712 (cf.
1435 671 1467 703 II
1482 671 1654 706 Addenda
1671 672 1792 715 p.551)

1033 725 1243 772 ὑφηγέομαι·
1270 725 1510 773 ὑφηγουμένου
1535 725 1672 774 Οὑήρου
1697 727 1793 777 ἀρχι-

1078 783 1236 821 τέκτονος
1262 784 1340 827 614,
1361 792 1377 818 5

1035 839 1223 887 ὑφήγησις·
1262 839 1585 880 ἐπακολουθοῦντας
1623 843 1666 890 τῇ
1705 842 1793 889 ὑφη-

1079 897 1178 943 γήσει
1201 898 1280 941 267,
1301 905 1352 932 13.
1392 898 1661 935 κατακολουθῶν
1677 901 1720 947 τῇ
1733 903 1794 934 τοῦ

1081 954 1206 1000 πατρὸς
1240 952 1408 1000 ὑφηγήσει
1439 956 1518 1000 232,
1537 962 1591 990 22.
1637 956 1706 991 κὰτ
1733 956 1793 991 τὰν

1080 1016 1148 1045 τῶν
1173 1010 1348 1058 προγόνων
1374 1009 1542 1059 ὑφάγησιν
1568 1013 1646 1057 234,
1665 1020 1707 1048 22
1845 1003 1857 1015 '⁴

1036 1067 1217 1115 ὑφίστημι·
1243 1067 1401 1112 ὑποστάς,
1425 1067 1529 1114 ἡνίκα
1547 1070 1634 1116 μήτε
1656 1070 1719 1116 τὴν
1736 1070 1796 1117 ἀρ·
1845 1067 1847 1073 ’

1079 1126 1148 1172 χὴν
1165 1124 1348 1170 ἀναλαβεῖν
1367 1124 1544 1172 ὑπέμεινέν
1560 1140 1612 1167 τις
1629 1128 1717 1175 μήτε
1732 1129 1794 1175 τὴν
1837 1127 1843 1167 J

1081 1181 1300 1230 προφητείαν,
1325 1181 1523 1230 ἀμφοτέρας
1540 1184 1642 1229 μόνος
1666 1186 1744 1230 494,
1764 1193 1794 1220 6.
1834 1175 1839 1211 s

1082 1239 1232 1278 πολλοὺς
1269 1239 1330 1285 μὲν
1366 1239 1426 1274 καὶ
1459 1241 1630 1287 μεγάλους
1663 1242 1797 1290 ἀγῶνας,
1830 1280 1833 1283 ,

1083 1296 1230 1342 ὑπέστην
1255 1297 1340 1343 πρὸς
1354 1296 1433 1336 τοὺς
1458 1297 1650 1345 βαρβάρως
1676 1300 1754 1343 763,
1774 1307 1791 1334 9
1836 1298 1843 1330 -Ϊ

1038 1353 1194 1401 ὕψιστος·
1244 1353 1317 1400 θεῷ
1356 1354 1442 1402 ἁγίῳ
1481 1355 1622 1402 ὑψίστῳ
1660 1356 1738 1401 378,
1765 1364 1794 1392 1.

1081 1414 1142 1446 τοῦ
1168 1410 1356 1458 ἀγιωτάτου
1389 1411 1472 1447 θεοῦ
1499 1411 1640 1458 ὑψίστου
1672 1413 1750 1457 755,
1764 1419 1795 1448 2.
1830 1414 1846 1437 ¹··

1084 1470 1161 1513 756,
1181 1476 1197 1502 4

1844 338 1858 422 *mk-n

1846 527 1858 710 waffssffluam'
1849 509 1851 512 Δ
1841 476 1846 490 ’“

1036 1582 1185 1630 φάλαγξ·
1209 1586 1282 1621 τοῖς
1307 1582 1550 1632 ἀπο-ταχθεῖσιν
1565 1582 1636 1619 «ἀπὸ
1652 1587 1716 1629 τῆς
1731 1583 1796 1631 φοί·
1823 1569 1857 1610 :⁴³¹

1082 1639 1205 1688 λαγγος
1230 1640 1308 1684 229,
1329 1648 1391 1676 103
1827 1643 1849 1686 3⁴.

1038 1696 1186 1743 φαῦλος·
1217 1702 1372 1745 προνοῶν
1405 1700 1464 1732 τοῦ
1493 1697 1565 1743 τὴμ
1595 1696 1704 1743 πόλιμ
1728 1709 1795 1744 μη·-
1837 1696 1843 1698 ”

1083 1753 1153 1798 θὲμ
1178 1754 1306 1801 φαῦλον
1331 1754 1454 1790 παθεῖν
1481 1755 1557 1798 765,
1579 1762 1619 1788 35
1846 1760 1847 1763 ’

1038 1811 1215 1858 φείδομαι·
1257 1809 1398 1850 οὐθενὸς
1431 1817 1500 1846 τῶν
1535 1811 1795 1859 κατεσχηκότων

1082 1881 1114 1903 τι
1132 1869 1329 1916 φεισάμενοι
1345 1870 1433 1912 267,
1455 1875 1507 1903 10.
1548 1867 1624 1903 οὔτε
1643 1867 1796 1914 δαπάνης
1835 1858 1843 1916 ζἵ

1082 1926 1141 1960 καὶ
1187 1926 1351 1973 χορηγίας
1398 1925 1558 1971 οὐδεμιᾶς
1599 1924 1798 1971 φειδόμενος
1838 1919 1841 1961 ζ

1084 1984 1161 2026 339,
1178 1991 1208 2016 4.
1241 1983 1328 2028 μήτε
1346 1984 1502 2028 σώματος
1519 1980 1693 2029 φείσεσθαι
1710 1981 1796 2028 μήτε
1838 1975 1840 1993 5

1084 2040 1199 2087 ψυχῆς
1223 2039 1371 2085 (ὄμνυμι)
1398 2039 1474 2082 532,
1497 2046 1535 2072 14

1037 2096 1142 2142 φερνή
1170 2097 1247 2139 218,
1269 2102 1321 2129 63.
1339 2102 1379 2129 65

1037 2152 1130 2199 φέρω
1150 2151 1298 2196 passim

1034 2209 1152 2256 φεύγω
1180 2209 1208 2244 1.
1231 2208 1349 2244 exulo:
1376 2210 1600 2256 φευγέτωσαμ
1617 2209 1690 2255 μέν,
1707 2209 1795 2257 ἀγώ-
1837 2213 1844 2220 “’

1081 2278 1174 2312 γιμοι
1211 2266 1248 2300 δὲ
1285 2266 1333 2311 μὴ
1371 2266 1520 2301 ἔστωσαν
1557 2267 1589 2310 8,
1626 2274 1688 2302 100
1715 2277 1793 2311 sqq.

1082 2321 1209 2370 φεῦγην
1235 2322 1348 2362 αὑτοις
1371 2335 1438 2358 κατ
1458 2323 1530 2369 τὰμ
1552 2322 1652 2358 πόλιν
1668 2323 1792 2368 8,145.
1819 2323 1853 2372 ’ἦζ

1083 2380 1113 2414 2.
1157 2391 1242 2415 reus
1280 2391 1382 2416 sum:
1430 2379 1451 2426 ἢ
1501 2379 1610 2428 φεύγῃ
1659 2380 1792 2426 δεσμῶν
1819 2386 1823 2387 ⁷
1848 2379 1849 2382 ’

1083 2438 1159 2480 218,
1180 2444 1220 2472 92

1037 2493 1164 2541 φθόνος
1189 2495 1266 2538 315,
1288 2503 1326 2530 58

1036 2550 1150 2597 φθορά
1173 2553 1251 2595 458,
1273 2559 1288 2585 8
1816 2566 1820 2574 2

1036 2608 1144 2654 φιάλη
1178 2609 1256 2652 214,
1285 2615 1323 2642 31
1351 2617 1430 2652 sqq.
1468 2609 1544 2651 717,
1573 2614 1624 2642 12.
1676 2597 1852 2654 φιάλαις

1082 2666 1220 2709 268,12

1036 2721 1168 2768 φιάλιον
1195 2723 1332 2765 717,1ο

1037 2778 1094 2825 φι)
1096 2777 1254 2826 αγαθέω·
1279 2776 1528 2824 ἐφιλαγάθησεν
1555 2778 1632 2821 268,
1653 2786 1668 2812 7
1820 2786 1845 2823 γ’

1036 2833 1222 2882 φιλαγαθία
1241 2836 1316 2878 146,
1326 2842 1356 2869 3.
1384 2835 1460 2877 148,
1471 2842 1498 2869 4.
1524 2835 1599 2879 156,
1612 2842 1641 2870 7.
1669 2835 1744 2879 163,
1759 2841 1790 2868 4.
1821 2851 1846 2869 ,-

1082 2893 1159 2936 344,
1179 2899 1210 2926 4.
1237 2892 1312 2935 730,
1340 2899 1375 2925 17
1416 2915 1423 2918 -
1820 2875 1846 2915 “Ῑ·
