1858 3126
66 184 148 228 582]
474 183 602 226 Hyllus
625 182 798 216 sacerdos
820 182 1056 224 provincialis
1077 182 1241 224 Augusti.
1562 181 1646 223 273

135 333 157 366 5
181 320 252 364 καὶ
282 320 291 378 Ι
321 318 688 378 ἀρχιερεοσάμενον
715 322 789 375 τῆς
817 318 829 375 ΙΙ
858 316 1026 375 Κύπρου
1056 321 1125 360 τοῦ
1148 318 1355 376 Σεβαστοῦ
1387 320 1392 375 Ι
1426 320 1522 362 θεοῦ
1543 317 1650 362 Καί-

182 390 339 446 σαρκὶ

65 527 191 561 Journ.
206 527 247 561 ot
257 527 345 560 nell.
361 527 457 561 stud.
473 527 538 560 XII
553 535 589 570 p.
606 529 664 560 494
687 535 721 559 ιι.
740 527 795 569 44,
812 527 831 558 4
858 524 1043 568 ambigere
1060 534 1100 558 se
1116 524 1284 568 fatentur,
1308 529 1433 560 utrum
1450 536 1569 561 nonus
1584 529 1651 570 qui

65 584 139 618 illic
154 584 311 618 babetur
324 593 441 618 annus
457 594 478 618 a
494 585 613 627 prima
628 584 838 627 provinciae
854 583 1035 616 Romanae
1053 583 1191 625 origine
1209 585 1263 624 (55
1281 594 1312 618 a.
1326 585 1418 625 Chr.)
1444 595 1491 618 an
1515 585 1561 618 ab
1585 585 1648 618 illo

0 682 6 687 ,
65 642 219 685 Augusti
240 642 409 675 imtituto
434 641 681 675 numerandus
705 642 763 683 sit,
786 642 837 674 ita
860 642 903 674 ut
925 643 989 674 aut
1012 642 1054 672 47
1082 643 1144 673 aut
1166 643 1207 673 44
1234 650 1265 674 a.
1283 641 1364 674 Chr.
1382 651 1415 675 ιι.
1441 643 1578 676 incisus
1602 643 1651 676 sit

65 699 204 733 titulus.
251 700 343 733 Item
370 699 416 732 de
446 700 517 732 boc
539 700 635 732 inter
665 707 781 732 annos
812 701 856 731 2³
882 707 915 731 a.
932 698 1014 731 Cbr.
1047 701 1083 731 et
1115 701 1151 730 44
1184 707 1219 741 p.
1235 699 1316 731 Chr.
1342 698 1477 732 dubius
1502 701 1651 733 haerere

65 756 233 799 debebat,
254 757 288 790 ei
311 756 459 790 omuino
482 756 572 790 illud
596 756 641 789 de
664 765 748 789 aera
769 756 990 798 Cypriorum
1016 756 1090 797 (aut
1106 756 1338 799 Paphiorum,
1362 758 1405 789 nt
1421 757 1501 790 vult
1517 757 1652 799 Cagnat

66 813 111 847 ad
135 815 247 850 Inser.
271 813 330 847 Gr.
354 813 401 848 ad
424 822 484 847 res
507 814 610 847 Rom.
627 815 719 857 pert.
736 813 783 846 111
807 822 843 856 p.
862 815 929 847 358
954 822 988 846 n.
1006 816 1085 855 959,
1106 815 1147 846 42
1167 816 1243 846 not.
1261 814 1293 854 2)
1319 816 1418 847 recte
1433 823 1473 847 se
1490 814 1652 848 haberet.

66 872 112 904 At
134 879 207 904 non
229 871 281 905 ita
303 872 376 914 θοὴ
406 871 520 904 immo
543 871 792 904 Romanorum
815 871 1024 914 principatu
1047 871 1085 903 in
1109 870 1230 913 Cypro
1256 880 1438 914 nusquam
1462 874 1653 914 comparet

65 936 171 962 aerae
193 928 426 971 provincialis
449 928 509 962 vel
532 928 788 961 tenuissimum
813 929 1020 970 vestigium,
1046 928 1110 961 sed
1134 930 1176 961 ut
1192 929 1371 971 Aegyptii,
1395 938 1557 971 quorum
1583 929 1652 962 sub

65 985 214 1028 regibus
247 994 315 1028 per
348 985 487 1028 aliquot
522 986 667 1019 saecula
701 985 856 1027 inerant,
895 994 1009 1019 annos
1049 987 1314 1028 imperatorum
1354 989 1653 1021 numeraverunt.

65 1042 251 1077 nummus
264 1042 400 1077 Tiberii
415 1052 552 1077 annum
568 1043 899 1076 sextumdecimum
914 1043 1007 1076 inira
1030 1053 1064 1076 u.
1083 1046 1160 1085 583,
1181 1046 1234 1085 45,
1259 1044 1398 1077 Claudii
1423 1044 1480 1077 vel
1496 1044 1653 1077 Neronis

0 1140 2 1146 ,
65 1101 124 1134 vel
135 1100 347 1144 Vespasiani
362 1102 533 1135 octavum
550 1100 929 1143 Lebas-Waddington
947 1102 1058 1134 Inscr.
1076 1101 1133 1139 111,
1148 1104 1231 1133 280⁴
1243 1127 1252 1142 ,
1265 1104 1307 1133 ⁴2
1327 1102 1448 1141 (inser.
1462 1102 1520 1134 Gr.
1534 1102 1580 1135 ad
1596 1111 1654 1135 res

0 1149 12 1208 [-
66 1158 167 1191 Rom.
198 1160 291 1200 pert.
313 1158 362 1191 m
393 1167 427 1201 p.
445 1160 511 1191 358
536 1167 571 1191 ιι.
589 1159 679 1199 950),
712 1158 852 1191 Claudii
887 1158 1070 1190 decimum
1103 1157 1479 1200 Lebas-Waddington
1513 1162 1645 1201 2893,4

4 1215 18 1249 5
66 1215 189 1256 (Inecr.
213 1215 273 1249 Gr.
296 1215 343 1248 ad
366 1224 395 1248 r.
411 1215 513 1248 Rom.
531 1224 565 1257 p.
582 1216 628 1247 111
645 1224 680 1257 p.
699 1217 762 1248 364
782 1225 815 1248 ιι.
835 1215 924 1255 974),
949 1215 1091 1247 Traiani
1110 1215 1258 1247 tertium
1276 1215 1655 1257 Lebas-Waddington

9 1268 20 1306 ἶ
68 1274 170 1315 2⁷55,
188 1274 207 1304 3
232 1273 355 1314 (Inscr.
373 1273 431 1305 Gr.
449 1272 495 1305 ad
518 1281 577 1305 res
596 1272 699 1305 Rom.
715 1274 806 1314 pert.
824 1272 870 1304 111
895 1281 930 1313 p.
949 1274 1014 1304 366
1039 1281 1073 1304 ιι.
1092 1273 1182 1313 937),
1207 1273 1371 1314 Septimii
1396 1274 1519 1305 Severi
1543 1274 1655 1315 septi·

5 1331 21 1380 ’ξ’
68 1338 171 1362 ιιιιιιιι
186 1329 563 1370 Lebas-Waddington
579 1332 680 1371 2806,
691 1331 734 1360 26
752 1329 874 1370 (Inscr.
886 1329 944 1361 Gr.
963 1329 1007 1361 ad
1025 1337 1083 1362 res
1100 1329 1204 1362 Rom.
1217 1331 1309 1371 pert.
1322 1329 1368 1361 111
1386 1338 1421 1371 p.
1433 1332 1493 1362 364
1517 1339 1549 1362 ιι.
1564 1330 1653 1370 967).

68 1386 138 1419 Sed
161 1387 272 1420 etiam
294 1386 378 1419 illos
401 1386 538 1428 titulos,
562 1387 626 1428 qui
651 1395 725 1418 non
748 1385 893 1418 definite
916 1386 1002 1419 anni
1026 1394 1180 1419 numero
1197 1386 1399 1428 adiungunt
1422 1387 1655 1429 imperatoris

17 1469 21 1473 ,
69 1452 205 1477 nomen
234 1442 284 1485 (τὸ
313 1447 448 1490 πρῶτον
478 1441 555 1480 ἔτος
585 1443 735 1476 Journal
767 1442 807 1476 of
828 1443 916 1476 flou.
941 1436 1038 1476 W.
1063 1443 1128 1476 ΧΠ
1154 1446 1237 1477 4894
1269 1452 1304 1486 p.
1322 1446 1389 1476 476
1415 1453 1448 1477 ιι.
1467 1446 1499 1487 4,
1519 1447 1550 1477 3.
1599 1434 1657 1476 ιδ’

68 1500 157 1534 ibid.
180 1509 217 1544 p.
234 1502 295 1533 474
326 1509 361 1534 ιι,
378 1501 433 1544 (4),
452 1503 483 1533 4.
516 1499 556 1534 τὸ
579 1497 677 1534 ἔπιτον
703 1498 804 1542 [ἔτος]
827 1500 1209 1543 Lebas-Waddington
1227 1503 1329 1542 2785,
1347 1503 1366 1533 7
1392 1501 1515 1542 (lnscr.
1533 1502 1591 1535 Gr.
1609 1502 1656 1535 ad

68 1565 128 1591 res
151 1557 253 1591 Rom.
277 1559 370 1600 pert.
386 1557 433 1590 111
456 1566 492 1600 p.
510 1560 575 1591 355
602 1567 636 1590 n.
655 1558 732 1598 937)
757 1556 795 1590 τὸ
820 1547 886 1591 θἸ.
910 1557 1034 1591 Journ.
1059 1558 1100 1591 oi
1118 1558 1208 1591 Hell.
1225 1557 1321 1591 stud.
1337 1558 1402 1591 XII
1420 1561 1503 1591 4894
1533 1568 1568 1601 p.
1588 1562 1648 1591 494

68 1624 104 1648 ιι.
122 1616 177 1658 44,
195 1617 215 1648 4
251 1615 375 1656 (lusor.
407 1615 466 1648 Gr.
499 1615 546 1648 ad
577 1623 636 1648 ree
665 1615 767 1648 Rom.
800 1617 893 1657 pert.
918 1615 964 1647 111
989 1624 1023 1658 p.
1044 1617 1108 1648 367
1135 1624 1169 1648 ιι.
1190 1617 1280 1655 993).
1329 1614 1426 1653 ἔτους
1450 1606 1495 1660 ιβ’
1517 1616 1554 1650 C.
1571 1617 1596 1649 1.
1615 1617 1654 1649 G.

15 1687 23 1718 ;Ἰ
69 1674 160 1704 26³2
185 1672 306 1714 (Inscr.
331 1672 389 1706 Gr.
414 1673 460 1706 ad
483 1681 541 1705 m
565 1672 668 1705 Rom.
692 1674 784 1714 pert.
802 1672 847 1704 111
872 1681 907 1715 p.
928 1675 992 1705 363
1018 1682 1051 1705 ιι.
1070 1674 1162 1715 974),
1180 1674 1212 1706 7.
1262 1664 1341 1707 Ι.ι5’
1363 1673 1489 1707 Journ.
1514 1674 1553 1706 oi'
1566 1674 1653 1706 Hell.

12 1718 18 1752 ³-
70 1731 115 1763 st.
130 1729 198 1762 ΧΠ
221 1738 256 1772 p.
275 1731 341 1762 478
366 1738 399 1762 ιι.
418 1732 450 1771 8,
470 1732 488 1761 3
514 1730 635 1771 (lnscr.
661 1730 719 1763 Gr.
744 1729 790 1762 ad
814 1738 873 1763 res
898 1729 999 1762 Rom.
1024 1732 1116 1772 pert.
1134 1730 1181 1762 111
1205 1739 1241 1772 p.
1263 1733 1327 1762 367
1353 1740 1388 1764 ιι.
1407 1732 1496 1772 992),
1526 1731 1653 1764 eadem

11 1791 21 1831 ij
70 1787 211 1820 ratione
240 1786 530 1829 interpretandos
561 1795 642 1820 esse
674 1787 777 1820 facile
806 1789 862 1820 oet
893 1787 1155 1820 demonstratu.
1202 1787 1295 1820 Nam
1320 1789 1480 1830 primum
1505 1788 1653 1830 quidem

69 1843 235 1886 plerique
257 1851 306 1876 ex-
325 1844 391 1886 eis,
426 1845 467 1876 ut
488 1852 534 1877 ex
557 1844 628 1877 illis
651 1844 847 1886 prioribus,
878 1845 987 1877 etiam
1013 1844 1084 1877 alio
1110 1845 1256 1877 nomine
1280 1846 1407 1877 contra
1430 1845 1654 1887 reliquarum

73 1901 343 1943 provinciarum
372 1901 671 1934 consuetudinem
696 1909 781 1934 cum
806 1902 983 1943 Aegyptio
1008 1910 1111 1934 more
1135 1902 1376 1943 consentiunt,
1406 1902 1510 1944 signo
1537 1905 1562 1936 Ι.
1587 1911 1654 1944 pro

71 1957 219 1990 nomine
234 1955 333 1994 ἔτους
354 1959 543 2000 usurpato.
582 1958 718 1991 Deinde
741 1967 843 2000 vero,
867 1959 898 1991 si
922 1967 1046 1992 aeram
1070 1959 1129 1991 hic
1154 1959 1382 2001 haberemus,
1407 1968 1482 2001 quo
1507 1959 1654 1992 tandem

16 2003 23 2038 ',
64 2002 180 2056 'pacto
199 2013 337 2047 factum
359 2023 439 2048 esse
463 2014 636 2048 credibile
658 2017 724 2057 est,
748 2017 791 2048 ut
807 2015 928 2048 nullus
953 2024 1070 2048 annus
1093 2015 1368 2058 quartodecimo
1393 2016 1572 2048 recentior
1595 2016 1655 2048 hic

26 2085 30 2087 Δ
72 2071 305 2114 reperiretur,
329 2073 543 2114 praesertim
559 2081 644 2105 cum
669 2073 832 2106 nonnulli
847 2082 892 2105 ex
908 2073 965 2105 bis
981 2073 1097 2105 titulis
1114 2073 1307 2106 manifesto
1333 2073 1573 2106 semisaeculo
1591 2075 1655 2105 aut

73 2127 165 2160 adeo
194 2129 335 2162 maiore
356 2130 535 2172 temporis
558 2122 748 2163 intel-{fallo
772 2139 795 2162 a
817 2131 1006 2172 provincia
1030 2132 1067 2162 et
1090 2131 1258 2163 instituta
1282 2133 1318 2163 et
1341 2130 1388 2163 ab
1412 2131 1576 2172 Augusto
1600 2132 1654 2162 in·

73 2185 236 2218 stam-m
258 2185 418 2219 distent?
458 2186 563 2225 Quod
585 2188 759 2230 quoniam
782 2189 924 2220 certum
948 2189 1015 2230 est,
1039 2187 1136 2220 hunc
1159 2188 1308 2220 titulum
1331 2188 1521 2229 trigesimo
1547 2189 1654 2220 tertio

29 2266 32 2271 .
74 2241 305 2284 imperatoris
335 2243 542 2286 cuiuspiam
572 2253 665 2277 anno
688 2245 845 2277 incisum
870 2253 961 2287 esse,
995 2245 1105 2277 simul
1128 2247 1280 2287 apparet
1304 2246 1486 2278 neminem
1510 2247 1656 2287 praeter

21 2323 30 2333 Δ.
74 2299 279 2340 Augustum
310 2300 348 2332 in
378 2308 529 2333 censum
560 2302 696 2344 venire,
728 2303 815 2344 quia
843 2311 950 2336 nemo
974 2311 1060 2335 eum
1085 2311 1267 2335 annorum
1292 2303 1436 2344 imperii
1459 2310 1655 2334 numerum

23 2359 27 2361 ’
76 2356 205 2398 attigit.
242 2356 345 2389 Anno
365 2357 476 2398 igitur
495 2359 514 2390 4
539 2367 575 2400 p.
592 2358 673 2391 Chr.
690 2368 726 2392 n.
750 2359 878 2401 Hyllus
902 2360 1181 2401 gymnasiarcha
1206 2359 1273 2392 fuit
1296 2368 1415 2401 eoque
1440 2358 1557 2391 officio
1575 2367 1655 2400 per-

31 2439 34 2441 .
75 2414 158 2445 noto
181 2413 292 2446 huius
315 2415 544 2455 monumenti
568 2416 704 2448 honore
728 2416 879 2449 affectus
903 2418 968 2449 est.
1101 2420 1120 2448 3
1154 2417 1314 2449 Titulum
1338 2416 1503 2457 Augusto
1529 2424 1656 2457 super-

32 2515 35 2518 ,
75 2469 161 2502 stite
188 2471 378 2513 scriptum,
411 2471 456 2504 de
485 2481 559 2514 qua
588 2481 627 2505 re
660 2473 817 2506 editores
842 2474 951 2515 primi
974 2474 1166 2506 etiamtum
1190 2473 1399 2506 dubitanter
1423 2473 1535 2505 locuti
1559 2475 1655 2513 sunt,

75 2525 148 2559 iam
177 2528 379 2561 certissima
410 2529 549 2562 ratione
579 2530 869 2563 demonstratum
899 2533 955 2563 est
979 2531 1064 2571 (not.
1084 2531 1126 2571 3).
1177 2531 1255 2569 Quo
1284 2533 1450 2572 tempore
1482 2528 1562 2562 θεόν
1593 2538 1656 2570 ap-

75 2582 203 2624 pellax-i
224 2585 427 2627 principem
451 2595 538 2618 sane
562 2595 710 2619 severae
733 2587 803 2629 legi
825 2587 1018 2621 titulorum
1037 2588 1249 2620 Latinorum
1274 2596 1344 2620 non
1369 2589 1426 2619 est
1449 2595 1656 2631 accommo-

77 2638 214 2672 datum.
259 2642 327 2674 Sed
352 2643 506 2676 Graecos
537 2644 606 2676 hac
635 2645 672 2676 in
704 2653 743 2676 re
774 2645 895 2677 minus
924 2645 1112 2685 diligentes
1137 2645 1248 2676 fuisse
1272 2645 1424 2684 constat,
1454 2632 1509 2675 ae'
1528 2651 1572 2674 ne
1603 2643 1656 2673 sic

79 2696 226 2737 quidem
242 2699 348 2739 plane
363 2699 461 2732 idem
476 2702 532 2733 est
548 2702 799 2743 appellationis
815 2710 938 2742 genus,
962 2704 1071 2743 atque
1093 2702 1129 2733 in
1146 2703 1303 2732 mortuo.
1343 2699 1435 2732 Nam
1457 2700 1489 2731 is
1507 2698 1655 2739 quidem

81 2753 294 2794 simpliciter
307 2753 394 2797 Αθεὸς
410 2754 580 2800 Σεβαστός
603 2756 728 2798 (Divus
744 2757 940 2801 Auyustus)
958 2759 1120 2798 vocatur,
1144 2766 1229 2789 cum
1254 2757 1314 2788 hic
1330 2759 1366 2788 et
1382 2756 1472 2788 ordo
1498 2755 1655 2786 duorum

80 2809 343 2844 vocabulorum
365 2813 532 2847 inversus
548 2815 596 2846 sit
619 2817 655 2847 et
676 2816 823 2847 tertium
840 2814 988 2846 accedat
1011 2809 1159 2855 Καῖσαρ.
1200 2812 1360 2845 Eandem
1377 2811 1656 2853 appellationem

83 2864 197 2898 haboe
207 2867 304 2907 apud
317 2868 691 2912 Lehas-Waddington
706 2871 968 2904 lnscr.1112772
985 2869 1175 2911 (Lapethi):
1194 2866 1367 2912 Σεβαστοῦ
1380 2866 1463 2900 θεοῦ
1473 2863 1655 2910 Καίσαρος.

153 2996 433 3036 Dittenberger.
459 3002 586 3030 Orientis
606 3004 656 3031 Gr.
673 3005 760 3031 inecr.
797 3005 834 3031 11.
1343 3007 1381 3036 ⁴8
