<?xml version="1.0" encoding="UTF-8"?>
<!DOCTYPE html PUBLIC "-//W3C//DTD XHTML 1.0 Transitional//EN"
    "http://www.w3.org/TR/xhtml1/DTD/xhtml1-transitional.dtd">
<html xmlns="http://www.w3.org/1999/xhtml" xml:lang="en" lang="en">
 <head>
  <title>
</title>
<meta http-equiv="Content-Type" content="text/html;charset=utf-8" />
  <meta name='ocr-system' content='tesseract 3.04.00' />
  <meta name='ocr-capabilities' content='ocr_page ocr_carea ocr_par ocr_line ocrx_word'/>
</head>
<body>
  <div class='ocr_page' id='page_1' title='image "./orientisgraeciin02dittuoft/orientisgraeciin02dittuoft_0215.png"; bbox 0 0 1858 3126; ppageno 0'>
   <div class='ocr_carea' id='block_1_1' title="bbox 9 130 1656 217">
    <p class='ocr_par' dir='ltr' id='par_1_1' title="bbox 9 130 1656 217">
     <span class='ocr_line' id='line_1_1' title="bbox 9 130 1656 217; baseline -0.002 -9"><span class='ocrx_word' id='word_1_1' title='bbox 9 130 21 158; x_wconf 58' lang='lat' dir='ltr'><strong>f:</strong></span> <span class='ocrx_word' id='word_1_2' title='bbox 85 173 167 217; x_wconf 63' lang='grc' dir='ltr'><strong>ωδ]</strong></span> <span class='ocrx_word' id='word_1_3' title='bbox 589 172 847 206; x_wconf 75' lang='lat' dir='ltr'><strong>Iusiurandum</strong></span> <span class='ocrx_word' id='word_1_4' title='bbox 870 172 1153 216; x_wconf 77' lang='lat' dir='ltr'><strong>Paphlagonum.</strong></span> <span class='ocrx_word' id='word_1_5' title='bbox 1575 174 1656 214; x_wconf 79' lang='lat'><strong>201</strong></span> 
     </span>
    </p>
   </div>
   <div class='ocr_carea' id='block_1_2' title="bbox 126 308 1662 436">
    <p class='ocr_par' dir='ltr' id='par_1_2' title="bbox 126 284 1662 436">
     <span class='ocr_line' id='line_1_2' title="bbox 126 308 1662 368; baseline -0.001 -13"><span class='ocrx_word' id='word_1_6' title='bbox 126 321 172 355; x_wconf 76' lang='lat'><strong>4⁰</strong></span> <span class='ocrx_word' id='word_1_7' title='bbox 198 308 436 368; x_wconf 64' lang='grc' dir='ltr'><strong>Νεόιοῃλιν</strong></span> <span class='ocrx_word' id='word_1_8' title='bbox 472 311 691 366; x_wconf 73' lang='grc' dir='ltr'><strong>λεγομένην</strong></span> <span class='ocrx_word' id='word_1_9' title='bbox 720 309 1012 366; x_wconf 69' lang='grc' dir='ltr'><strong>κατοικοόν[τες</strong></span> <span class='ocrx_word' id='word_1_10' title='bbox 1040 310 1204 366; x_wconf 78' lang='grc' dir='ltr'>ὤμοσαν</span> <span class='ocrx_word' id='word_1_11' title='bbox 1234 311 1485 367; x_wconf 74' lang='grc' dir='ltr'>σόμ]ξπαντες</span> <span class='ocrx_word' id='word_1_12' title='bbox 1514 313 1557 354; x_wconf 77' lang='grc' dir='ltr'><strong>ἐν</strong></span> <span class='ocrx_word' id='word_1_13' title='bbox 1587 309 1662 354; x_wconf 79' lang='grc' dir='ltr'><strong>Σε-</strong></span> 
     </span>
     <span class='ocr_line' id='line_1_3' title="bbox 197 375 1203 436; baseline -0.002 0"><span class='ocrx_word' id='word_1_14' title='bbox 197 379 378 436; x_wconf 71' lang='grc' dir='ltr'><strong>βαπιιοι</strong></span> <span class='ocrx_word' id='word_1_15' title='bbox 404 375 517 435; x_wconf 68' lang='grc' dir='ltr'><strong>παρὰ</strong></span> <span class='ocrx_word' id='word_1_16' title='bbox 546 378 636 434; x_wconf 55' lang='lat' dir='ltr'><strong>rsa..</strong></span> <span class='ocrx_word' id='word_1_17' title='bbox 664 379 805 436; x_wconf 69' lang='grc' dir='ltr'>βωμῶι</span> <span class='ocrx_word' id='word_1_18' title='bbox 832 379 917 434; x_wconf 63' lang='grc' dir='ltr'><strong>τοῦ]</strong></span> <span class='ocrx_word' id='word_1_19' title='bbox 949 378 955 434; x_wconf 85' lang='grc' dir='ltr'><strong>ι</strong></span> <span class='ocrx_word' id='word_1_20' title='bbox 987 377 1203 435; x_wconf 71' lang='grc' dir='ltr'>Σεβαστοῦ</span> 
     </span>
    </p>
   </div>
   <div class='ocr_carea' id='block_1_3' title="bbox 79 503 1663 1353">
    <p class='ocr_par' dir='ltr' id='par_1_3' title="bbox 79 503 1663 1353">
     <span class='ocr_line' id='line_1_4' title="bbox 81 503 1662 551; baseline 0 -10"><span class='ocrx_word' id='word_1_21' title='bbox 81 507 248 550; x_wconf 62' lang='lat' dir='ltr'><strong>mune,</strong></span> <span class='ocrx_word' id='word_1_22' title='bbox 277 507 406 550; x_wconf 77' lang='lat' dir='ltr'><strong>postea</strong></span> <span class='ocrx_word' id='word_1_23' title='bbox 434 505 525 540; x_wconf 81' lang='lat' dir='ltr'><strong>duas</strong></span> <span class='ocrx_word' id='word_1_24' title='bbox 554 507 665 540; x_wconf 84' lang='lat' dir='ltr'><strong>etiam</strong></span> <span class='ocrx_word' id='word_1_25' title='bbox 687 508 881 550; x_wconf 80' lang='lat' dir='ltr'><strong>expertum</strong></span> <span class='ocrx_word' id='word_1_26' title='bbox 904 507 960 539; x_wconf 83' lang='lat' dir='ltr'><strong>est</strong></span> <span class='ocrx_word' id='word_1_27' title='bbox 984 505 1175 549; x_wconf 85' lang='lat' dir='ltr'><strong>oppidum.</strong></span> <span class='ocrx_word' id='word_1_28' title='bbox 1214 506 1364 540; x_wconf 80' lang='lat' dir='ltr'><strong>Claudio</strong></span> <span class='ocrx_word' id='word_1_29' title='bbox 1388 507 1553 551; x_wconf 83' lang='lat' dir='ltr'><strong>principe</strong></span> <span class='ocrx_word' id='word_1_30' title='bbox 1571 503 1662 542; x_wconf 79' lang='lat' dir='ltr'><strong>Neo·</strong></span> 
     </span>
     <span class='ocr_line' id='line_1_5' title="bbox 79 561 1662 608; baseline 0 -9"><span class='ocrx_word' id='word_1_31' title='bbox 79 561 325 602; x_wconf 66' lang='grc' dir='ltr'><strong>ιλωδώωολις</strong></span> <span class='ocrx_word' id='word_1_32' title='bbox 344 563 568 608; x_wconf 84' lang='lat' dir='ltr'><strong>appellatum</strong></span> <span class='ocrx_word' id='word_1_33' title='bbox 591 566 658 607; x_wconf 81' lang='lat' dir='ltr'><strong>est,</strong></span> <span class='ocrx_word' id='word_1_34' title='bbox 682 563 783 607; x_wconf 83' lang='lat' dir='ltr'><strong>quod</strong></span> <span class='ocrx_word' id='word_1_35' title='bbox 798 571 933 597; x_wconf 81' lang='lat' dir='ltr'><strong>nomen</strong></span> <span class='ocrx_word' id='word_1_36' title='bbox 956 564 993 596; x_wconf 94' lang='lat' dir='ltr'><strong>in</strong></span> <span class='ocrx_word' id='word_1_37' title='bbox 1009 565 1171 597; x_wconf 89' lang='lat' dir='ltr'><strong>nummis</strong></span> <span class='ocrx_word' id='word_1_38' title='bbox 1193 566 1230 597; x_wconf 85' lang='lat' dir='ltr'><strong>et</strong></span> <span class='ocrx_word' id='word_1_39' title='bbox 1252 564 1368 598; x_wconf 85' lang='lat' dir='ltr'><strong>titulis</strong></span> <span class='ocrx_word' id='word_1_40' title='bbox 1384 573 1503 608; x_wconf 82' lang='lat' dir='ltr'><strong>usque</strong></span> <span class='ocrx_word' id='word_1_41' title='bbox 1518 564 1564 599; x_wconf 85' lang='lat' dir='ltr'><strong>ad</strong></span> <span class='ocrx_word' id='word_1_42' title='bbox 1580 565 1662 599; x_wconf 82' lang='lat' dir='ltr'><strong>Cari</strong></span> 
     </span>
     <span class='ocr_line' id='line_1_6' title="bbox 81 617 1660 665; baseline 0.001 -10"><span class='ocrx_word' id='word_1_43' title='bbox 81 622 125 655; x_wconf 80' lang='lat' dir='ltr'><strong>et</strong></span> <span class='ocrx_word' id='word_1_44' title='bbox 142 621 263 656; x_wconf 76' lang='lat' dir='ltr'><strong>Carini</strong></span> <span class='ocrx_word' id='word_1_45' title='bbox 284 622 531 664; x_wconf 68' lang='lat' dir='ltr'><strong>principatum</strong></span> <span class='ocrx_word' id='word_1_46' title='bbox 554 622 748 655; x_wconf 85' lang='lat' dir='ltr'><strong>invenitur.</strong></span> <span class='ocrx_word' id='word_1_47' title='bbox 794 620 931 655; x_wconf 82' lang='lat' dir='ltr'><strong>Deinde</strong></span> <span class='ocrx_word' id='word_1_48' title='bbox 960 629 1048 654; x_wconf 79' lang='lat' dir='ltr'><strong>vero</strong></span> <span class='ocrx_word' id='word_1_49' title='bbox 1070 617 1250 665; x_wconf 71' lang='grc' dir='ltr'><strong>Ἄνδραπα,</strong></span> <span class='ocrx_word' id='word_1_50' title='bbox 1282 630 1415 655; x_wconf 87' lang='lat' dir='ltr'><strong>nomeu</strong></span> <span class='ocrx_word' id='word_1_51' title='bbox 1444 623 1523 656; x_wconf 88' lang='lat' dir='ltr'><strong>sine</strong></span> <span class='ocrx_word' id='word_1_52' title='bbox 1545 622 1660 656; x_wconf 86' lang='lat' dir='ltr'><strong>dubio</strong></span> 
     </span>
     <span class='ocr_line' id='line_1_7' title="bbox 82 678 1660 723; baseline 0 -11"><span class='ocrx_word' id='word_1_53' title='bbox 82 679 274 722; x_wconf 71' lang='lat' dir='ltr'><strong>anflquum</strong></span> <span class='ocrx_word' id='word_1_54' title='bbox 297 680 335 712; x_wconf 85' lang='lat' dir='ltr'><strong>et</strong></span> <span class='ocrx_word' id='word_1_55' title='bbox 356 678 566 721; x_wconf 81' lang='lat' dir='ltr'><strong>barbarum,</strong></span> <span class='ocrx_word' id='word_1_56' title='bbox 590 680 778 722; x_wconf 77' lang='lat' dir='ltr'><strong>comparet</strong></span> <span class='ocrx_word' id='word_1_57' title='bbox 800 678 900 722; x_wconf 89' lang='lat' dir='ltr'><strong>apud</strong></span> <span class='ocrx_word' id='word_1_58' title='bbox 922 678 1168 712; x_wconf 82' lang='lat' dir='ltr'><strong>Ptolemaeum</strong></span> <span class='ocrx_word' id='word_1_59' title='bbox 1192 678 1319 721; x_wconf 77' lang='lat' dir='ltr'><strong>Geogr.</strong></span> <span class='ocrx_word' id='word_1_60' title='bbox 1343 679 1387 721; x_wconf 78' lang='lat' dir='ltr'><strong>V,</strong></span> <span class='ocrx_word' id='word_1_61' title='bbox 1403 681 1436 722; x_wconf 67' lang='lat'><strong>⁴,</strong></span> <span class='ocrx_word' id='word_1_62' title='bbox 1454 682 1472 712; x_wconf 69' lang='lat' dir='ltr'><em>k</em></span> <span class='ocrx_word' id='word_1_63' title='bbox 1499 689 1534 722; x_wconf 92' lang='lat' dir='ltr'><strong>p.</strong></span> <span class='ocrx_word' id='word_1_64' title='bbox 1547 682 1660 723; x_wconf 56' lang='lat' dir='ltr'><strong>850st</strong></span> 
     </span>
     <span class='ocr_line' id='line_1_8' title="bbox 80 732 1663 782; baseline 0 -11"><span class='ocrx_word' id='word_1_65' title='bbox 80 732 250 782; x_wconf 61' lang='lat' dir='ltr'><strong>:ivam</strong></span> <span class='ocrx_word' id='word_1_66' title='bbox 270 734 297 781; x_wconf 78' lang='grc' dir='ltr'>ἡ</span> <span class='ocrx_word' id='word_1_67' title='bbox 317 735 378 770; x_wconf 63' lang='grc' dir='ltr'><strong>καὶ</strong></span> <span class='ocrx_word' id='word_1_68' title='bbox 391 732 708 774; x_wconf 72' lang='grc' dir='ltr'>Νωιλωδιόπολις</span> <span class='ocrx_word' id='word_1_69' title='bbox 730 738 767 770; x_wconf 85' lang='lat' dir='ltr'><strong>et</strong></span> <span class='ocrx_word' id='word_1_70' title='bbox 786 736 989 770; x_wconf 75' lang='lat' dir='ltr'>Hieroclem</span> <span class='ocrx_word' id='word_1_71' title='bbox 1006 736 1159 779; x_wconf 76' lang='lat' dir='ltr'><strong>Syneed.</strong></span> <span class='ocrx_word' id='word_1_72' title='bbox 1177 738 1256 779; x_wconf 77' lang='lat'><strong>⁷0⁴,</strong></span> <span class='ocrx_word' id='word_1_73' title='bbox 1273 739 1306 779; x_wconf 84' lang='grc'><strong>’1,</strong></span> <span class='ocrx_word' id='word_1_74' title='bbox 1330 736 1395 770; x_wconf 90' lang='lat' dir='ltr'><strong>ubi</strong></span> <span class='ocrx_word' id='word_1_75' title='bbox 1410 738 1448 770; x_wconf 89' lang='lat' dir='ltr'><strong>in</strong></span> <span class='ocrx_word' id='word_1_76' title='bbox 1472 737 1663 780; x_wconf 71' lang='lat' dir='ltr'><strong>provinela</strong></span> 
     </span>
     <span class='ocr_line' id='line_1_9' title="bbox 80 793 1662 837; baseline 0 -9"><span class='ocrx_word' id='word_1_77' title='bbox 80 793 326 837; x_wconf 73' lang='lat' dir='ltr'><strong>fldeuoponti</strong></span> <span class='ocrx_word' id='word_1_78' title='bbox 346 794 557 836; x_wconf 86' lang='lat' dir='ltr'><strong>proximum</strong></span> <span class='ocrx_word' id='word_1_79' title='bbox 580 795 664 827; x_wconf 85' lang='lat' dir='ltr'><strong>ante</strong></span> <span class='ocrx_word' id='word_1_80' title='bbox 677 794 844 827; x_wconf 76' lang='lat' dir='ltr'><strong>Amisum</strong></span> <span class='ocrx_word' id='word_1_81' title='bbox 867 793 989 827; x_wconf 81' lang='lat' dir='ltr'><strong>locum</strong></span> <span class='ocrx_word' id='word_1_82' title='bbox 1014 795 1121 827; x_wconf 83' lang='lat' dir='ltr'><strong>tenet.</strong></span> <span class='ocrx_word' id='word_1_83' title='bbox 1160 793 1238 827; x_wconf 79' lang='lat' dir='ltr'><strong>Alia</strong></span> <span class='ocrx_word' id='word_1_84' title='bbox 1254 794 1366 827; x_wconf 85' lang='lat' dir='ltr'><strong>medii</strong></span> <span class='ocrx_word' id='word_1_85' title='bbox 1388 794 1489 837; x_wconf 81' lang='lat' dir='ltr'><strong>quod</strong></span> <span class='ocrx_word' id='word_1_86' title='bbox 1504 794 1662 828; x_wconf 78' lang='lat' dir='ltr'><strong>dicimus</strong></span> 
     </span>
     <span class='ocr_line' id='line_1_10' title="bbox 80 851 1661 894; baseline 0 -9"><span class='ocrx_word' id='word_1_87' title='bbox 80 852 176 894; x_wconf 76' lang='lat' dir='ltr'><strong>aevi,</strong></span> <span class='ocrx_word' id='word_1_88' title='bbox 197 859 273 894; x_wconf 80' lang='lat' dir='ltr'><strong>qua</strong></span> <span class='ocrx_word' id='word_1_89' title='bbox 293 853 411 885; x_wconf 80' lang='lat' dir='ltr'><strong>aetate</strong></span> <span class='ocrx_word' id='word_1_90' title='bbox 426 851 533 885; x_wconf 78' lang='lat' dir='ltr'><strong>sedes</strong></span> <span class='ocrx_word' id='word_1_91' title='bbox 548 852 715 894; x_wconf 75' lang='lat' dir='ltr'><strong>episcopi</strong></span> <span class='ocrx_word' id='word_1_92' title='bbox 730 853 819 894; x_wconf 85' lang='lat' dir='ltr'><strong>erat,</strong></span> <span class='ocrx_word' id='word_1_93' title='bbox 835 852 1044 885; x_wconf 80' lang='lat' dir='ltr'><strong>testimonia</strong></span> <span class='ocrx_word' id='word_1_94' title='bbox 1059 852 1245 894; x_wconf 66' lang='lat' dir='ltr'><strong>congessit</strong></span> <span class='ocrx_word' id='word_1_95' title='bbox 1260 851 1418 885; x_wconf 89' lang='lat' dir='ltr'><strong>Cumont</strong></span> <span class='ocrx_word' id='word_1_96' title='bbox 1432 860 1468 894; x_wconf 85' lang='lat' dir='ltr'><strong>p.</strong></span> <span class='ocrx_word' id='word_1_97' title='bbox 1482 853 1526 884; x_wconf 74' lang='lat'><strong>82</strong></span> <span class='ocrx_word' id='word_1_98' title='bbox 1542 854 1616 886; x_wconf 83' lang='lat' dir='ltr'><strong>not.</strong></span> <span class='ocrx_word' id='word_1_99' title='bbox 1629 854 1661 885; x_wconf 72' lang='grc'><strong>6.</strong></span> 
     </span>
     <span class='ocr_line' id='line_1_11' title="bbox 81 906 1662 953; baseline 0 -10"><span class='ocrx_word' id='word_1_100' title='bbox 81 909 181 943; x_wconf 71' lang='lat' dir='ltr'><strong>Sim</strong></span> <span class='ocrx_word' id='word_1_101' title='bbox 203 908 331 952; x_wconf 83' lang='lat' dir='ltr'><strong>oppidi</strong></span> <span class='ocrx_word' id='word_1_102' title='bbox 352 909 425 943; x_wconf 84' lang='lat' dir='ltr'><strong>boe</strong></span> <span class='ocrx_word' id='word_1_103' title='bbox 447 909 596 942; x_wconf 85' lang='lat' dir='ltr'><strong>demum</strong></span> <span class='ocrx_word' id='word_1_104' title='bbox 619 908 726 943; x_wconf 80' lang='lat' dir='ltr'><strong>titulo</strong></span> <span class='ocrx_word' id='word_1_105' title='bbox 750 908 921 942; x_wconf 76' lang='lat' dir='ltr'><strong>delinitus</strong></span> <span class='ocrx_word' id='word_1_106' title='bbox 943 911 1011 951; x_wconf 70' lang='lat' dir='ltr'><strong>oet,</strong></span> <span class='ocrx_word' id='word_1_107' title='bbox 1034 909 1072 942; x_wconf 86' lang='lat' dir='ltr'><strong>in</strong></span> <span class='ocrx_word' id='word_1_108' title='bbox 1095 908 1178 942; x_wconf 89' lang='lat' dir='ltr'><strong>loco</strong></span> <span class='ocrx_word' id='word_1_109' title='bbox 1195 908 1372 942; x_wconf 78' lang='lat' dir='ltr'><strong>hodierno</strong></span> <span class='ocrx_word' id='word_1_110' title='bbox 1394 906 1662 953; x_wconf 51' lang='grc' dir='ltr'><strong>ῩαὰυΚδρν-ιῖ,</strong></span> 
     </span>
     <span class='ocr_line' id='line_1_12' title="bbox 81 966 1663 1010; baseline 0 -10"><span class='ocrx_word' id='word_1_111' title='bbox 81 968 120 1000; x_wconf 86' lang='lat' dir='ltr'><strong>et</strong></span> <span class='ocrx_word' id='word_1_112' title='bbox 151 967 268 1000; x_wconf 83' lang='lat' dir='ltr'><strong>totam</strong></span> <span class='ocrx_word' id='word_1_113' title='bbox 307 966 593 1000; x_wconf 79' lang='lat' dir='ltr'><strong>Pbazimonitida</strong></span> <span class='ocrx_word' id='word_1_114' title='bbox 633 967 817 1009; x_wconf 72' lang='lat' dir='ltr'>regionem</span> <span class='ocrx_word' id='word_1_115' title='bbox 860 966 1020 1000; x_wconf 90' lang='lat' dir='ltr'><strong>Cumont</strong></span> <span class='ocrx_word' id='word_1_116' title='bbox 1054 970 1154 1000; x_wconf 73' lang='lat' dir='ltr'><strong>corta</strong></span> <span class='ocrx_word' id='word_1_117' title='bbox 1195 968 1335 1000; x_wconf 87' lang='lat' dir='ltr'><strong>ratione</strong></span> <span class='ocrx_word' id='word_1_118' title='bbox 1374 968 1663 1010; x_wconf 75' lang='lat' dir='ltr'><strong>circumscripsit</strong></span> 
     </span>
     <span class='ocr_line' id='line_1_13' title="bbox 81 1022 1663 1066; baseline -0.001 -8"><span class='ocrx_word' id='word_1_119' title='bbox 81 1022 216 1058; x_wconf 73' lang='lat' dir='ltr'><strong>finibus</strong></span> <span class='ocrx_word' id='word_1_120' title='bbox 237 1023 286 1058; x_wconf 87' lang='lat' dir='ltr'><strong>ab</strong></span> <span class='ocrx_word' id='word_1_121' title='bbox 309 1023 498 1058; x_wconf 71' lang='lat' dir='ltr'><strong>occidente</strong></span> <span class='ocrx_word' id='word_1_122' title='bbox 520 1025 556 1057; x_wconf 88' lang='lat' dir='ltr'><strong>et</strong></span> <span class='ocrx_word' id='word_1_123' title='bbox 579 1032 624 1057; x_wconf 84' lang='lat' dir='ltr'><strong>ex</strong></span> <span class='ocrx_word' id='word_1_124' title='bbox 649 1025 752 1066; x_wconf 85' lang='lat' dir='ltr'><strong>parte</strong></span> <span class='ocrx_word' id='word_1_125' title='bbox 775 1033 798 1057; x_wconf 85' lang='lat' dir='ltr'><strong>a</strong></span> <span class='ocrx_word' id='word_1_126' title='bbox 820 1023 1131 1066; x_wconf 73' lang='lat' dir='ltr'><strong>septentrionibus</strong></span> <span class='ocrx_word' id='word_1_127' title='bbox 1153 1023 1265 1066; x_wconf 66' lang='lat' dir='ltr'><strong>aalys</strong></span> <span class='ocrx_word' id='word_1_128' title='bbox 1290 1024 1450 1066; x_wconf 83' lang='lat' dir='ltr'><strong>flumine,</strong></span> <span class='ocrx_word' id='word_1_129' title='bbox 1474 1024 1520 1058; x_wconf 87' lang='lat' dir='ltr'><strong>ab</strong></span> <span class='ocrx_word' id='word_1_130' title='bbox 1545 1025 1663 1058; x_wconf 80' lang='lat' dir='ltr'><strong>orien-</strong></span> 
     </span>
     <span class='ocr_line' id='line_1_14' title="bbox 81 1080 1663 1124; baseline 0.001 -9"><span class='ocrx_word' id='word_1_131' title='bbox 81 1080 145 1115; x_wconf 84' lang='lat' dir='ltr'><strong>tali</strong></span> <span class='ocrx_word' id='word_1_132' title='bbox 168 1081 342 1124; x_wconf 71' lang='lat' dir='ltr'><strong>marginis</strong></span> <span class='ocrx_word' id='word_1_133' title='bbox 364 1081 658 1124; x_wconf 84' lang='lat' dir='ltr'><strong>septentrionalis</strong></span> <span class='ocrx_word' id='word_1_134' title='bbox 682 1082 784 1124; x_wconf 83' lang='lat' dir='ltr'><strong>parte</strong></span> <span class='ocrx_word' id='word_1_135' title='bbox 808 1081 1051 1114; x_wconf 85' lang='lat' dir='ltr'><strong>Gazelonitide</strong></span> <span class='ocrx_word' id='word_1_136' title='bbox 1074 1083 1112 1114; x_wconf 90' lang='lat' dir='ltr'><strong>et</strong></span> <span class='ocrx_word' id='word_1_137' title='bbox 1135 1090 1222 1123; x_wconf 84' lang='lat' dir='ltr'><strong>agro</strong></span> <span class='ocrx_word' id='word_1_138' title='bbox 1245 1082 1429 1123; x_wconf 79' lang='lat' dir='ltr'><strong>Amiseno,</strong></span> <span class='ocrx_word' id='word_1_139' title='bbox 1454 1082 1502 1115; x_wconf 90' lang='lat' dir='ltr'><strong>ab</strong></span> <span class='ocrx_word' id='word_1_140' title='bbox 1525 1083 1663 1116; x_wconf 88' lang='lat' dir='ltr'><strong>oriente</strong></span> 
     </span>
     <span class='ocr_line' id='line_1_15' title="bbox 81 1138 1663 1182; baseline -0.001 -9"><span class='ocrx_word' id='word_1_141' title='bbox 81 1138 299 1182; x_wconf 68' lang='lat' dir='ltr'><strong>Pitanem,</strong></span> <span class='ocrx_word' id='word_1_142' title='bbox 328 1148 350 1172; x_wconf 90' lang='lat' dir='ltr'><strong>a</strong></span> <span class='ocrx_word' id='word_1_143' title='bbox 383 1138 534 1172; x_wconf 84' lang='lat' dir='ltr'><strong>meridie</strong></span> <span class='ocrx_word' id='word_1_144' title='bbox 563 1140 746 1172; x_wconf 87' lang='lat' dir='ltr'><strong>territorio</strong></span> <span class='ocrx_word' id='word_1_145' title='bbox 770 1139 1035 1172; x_wconf 78' lang='lat' dir='ltr'><strong>Amasensium.</strong></span> <span class='ocrx_word' id='word_1_146' title='bbox 1091 1139 1374 1172; x_wconf 79' lang='lat' dir='ltr'><strong>Phazimonitida</strong></span> <span class='ocrx_word' id='word_1_147' title='bbox 1399 1139 1663 1181; x_wconf 76' lang='lat' dir='ltr'><strong>Paphlagoniae</strong></span> 
     </span>
     <span class='ocr_line' id='line_1_16' title="bbox 82 1195 1662 1240; baseline 0 -10"><span class='ocrx_word' id='word_1_148' title='bbox 82 1198 224 1240; x_wconf 79' lang='lat' dir='ltr'><strong>partem</strong></span> <span class='ocrx_word' id='word_1_149' title='bbox 247 1195 361 1230; x_wconf 71' lang='lat' dir='ltr'><strong>tuisse</strong></span> <span class='ocrx_word' id='word_1_150' title='bbox 383 1196 480 1230; x_wconf 80' lang='lat' dir='ltr'><strong>idem</strong></span> <span class='ocrx_word' id='word_1_151' title='bbox 505 1197 707 1230; x_wconf 82' lang='lat' dir='ltr'><strong>rectissime</strong></span> <span class='ocrx_word' id='word_1_152' title='bbox 731 1196 950 1229; x_wconf 71' lang='lat' dir='ltr'><strong>observavit.</strong></span> <span class='ocrx_word' id='word_1_153' title='bbox 1005 1195 1097 1229; x_wconf 83' lang='lat' dir='ltr'><strong>Nam</strong></span> <span class='ocrx_word' id='word_1_154' title='bbox 1128 1196 1254 1229; x_wconf 84' lang='lat' dir='ltr'><strong>sedulo</strong></span> <span class='ocrx_word' id='word_1_155' title='bbox 1285 1196 1489 1229; x_wconf 85' lang='lat' dir='ltr'><strong>cavendum</strong></span> <span class='ocrx_word' id='word_1_156' title='bbox 1519 1199 1585 1239; x_wconf 85' lang='lat' dir='ltr'><strong>est,</strong></span> <span class='ocrx_word' id='word_1_157' title='bbox 1616 1206 1662 1230; x_wconf 87' lang='lat' dir='ltr'><strong>ne</strong></span> 
     </span>
     <span class='ocr_line' id='line_1_17' title="bbox 82 1250 1663 1298; baseline -0.001 -10"><span class='ocrx_word' id='word_1_158' title='bbox 82 1253 144 1288; x_wconf 79' lang='lat' dir='ltr'><strong>illa</strong></span> <span class='ocrx_word' id='word_1_159' title='bbox 165 1252 294 1298; x_wconf 65' lang='grc' dir='ltr'>ὁμοίως</span> <span class='ocrx_word' id='word_1_160' title='bbox 315 1264 352 1287; x_wconf 74' lang='grc' dir='ltr'><strong>τε</strong></span> <span class='ocrx_word' id='word_1_161' title='bbox 376 1250 630 1298; x_wconf 69' lang='grc' dir='ltr'>Φαζιμωνείτνιι</span> <span class='ocrx_word' id='word_1_162' title='bbox 654 1255 707 1286; x_wconf 87' lang='lat' dir='ltr'><strong>sie</strong></span> <span class='ocrx_word' id='word_1_163' title='bbox 730 1254 1021 1295; x_wconf 80' lang='lat' dir='ltr'><strong>interpretemur,</strong></span> <span class='ocrx_word' id='word_1_164' title='bbox 1047 1254 1227 1296; x_wconf 76' lang='lat' dir='ltr'><strong>praeter</strong></span> <span class='ocrx_word' id='word_1_165' title='bbox 1251 1262 1378 1286; x_wconf 57' lang='lat' dir='ltr'><strong>omnes</strong></span> <span class='ocrx_word' id='word_1_166' title='bbox 1400 1254 1663 1296; x_wconf 82' lang='lat' dir='ltr'><strong>Paphlagoniae</strong></span> 
     </span>
     <span class='ocr_line' id='line_1_18' title="bbox 83 1309 1662 1353; baseline 0 -9"><span class='ocrx_word' id='word_1_167' title='bbox 83 1313 284 1344; x_wconf 75' lang='lat' dir='ltr'><strong>conventus</strong></span> <span class='ocrx_word' id='word_1_168' title='bbox 306 1309 441 1344; x_wconf 73' lang='lat' dir='ltr'><strong>etiam</strong></span> <span class='ocrx_word' id='word_1_169' title='bbox 464 1310 730 1344; x_wconf 83' lang='lat' dir='ltr'><strong>Pbazimonitas</strong></span> <span class='ocrx_word' id='word_1_170' title='bbox 754 1312 903 1343; x_wconf 81' lang='lat' dir='ltr'><strong>iurasse.</strong></span> <span class='ocrx_word' id='word_1_171' title='bbox 949 1309 1045 1343; x_wconf 82' lang='lat' dir='ltr'><strong>Nam</strong></span> <span class='ocrx_word' id='word_1_172' title='bbox 1068 1311 1100 1343; x_wconf 90' lang='lat' dir='ltr'><strong>si</strong></span> <span class='ocrx_word' id='word_1_173' title='bbox 1123 1310 1391 1344; x_wconf 81' lang='lat' dir='ltr'><strong>Phazimonitae</strong></span> <span class='ocrx_word' id='word_1_174' title='bbox 1414 1311 1662 1353; x_wconf 77' lang='lat' dir='ltr'><strong>Paphlagones</strong></span> 
     </span>
    </p>
   </div>
   <div class='ocr_carea' id='block_1_4' title="bbox 19 1367 1661 1410">
    <p class='ocr_par' dir='ltr' id='par_1_4' title="bbox 19 1367 1661 1410">
     <span class='ocr_line' id='line_1_19' title="bbox 19 1367 1661 1410; baseline 0 -8"><span class='ocrx_word' id='word_1_175' title='bbox 19 1397 26 1402; x_wconf 88' lang='lat'><strong>.</strong></span> <span class='ocrx_word' id='word_1_176' title='bbox 82 1377 156 1402; x_wconf 89' lang='lat' dir='ltr'><strong>non</strong></span> <span class='ocrx_word' id='word_1_177' title='bbox 184 1367 341 1410; x_wconf 75' lang='lat' dir='ltr'><strong>luerunt,</strong></span> <span class='ocrx_word' id='word_1_178' title='bbox 377 1376 451 1410; x_wconf 90' lang='lat' dir='ltr'><strong>quo</strong></span> <span class='ocrx_word' id='word_1_179' title='bbox 482 1367 628 1400; x_wconf 86' lang='lat' dir='ltr'><strong>tandem</strong></span> <span class='ocrx_word' id='word_1_180' title='bbox 659 1370 767 1410; x_wconf 87' lang='lat' dir='ltr'><strong>pacto</strong></span> <span class='ocrx_word' id='word_1_181' title='bbox 800 1369 837 1400; x_wconf 89' lang='lat' dir='ltr'><strong>in</strong></span> <span class='ocrx_word' id='word_1_182' title='bbox 866 1367 934 1400; x_wconf 86' lang='lat' dir='ltr'><strong>bac</strong></span> <span class='ocrx_word' id='word_1_183' title='bbox 962 1367 1087 1400; x_wconf 89' lang='lat' dir='ltr'><strong>tabula</strong></span> <span class='ocrx_word' id='word_1_184' title='bbox 1115 1367 1332 1401; x_wconf 83' lang='lat' dir='ltr'><strong>Pbazimone</strong></span> <span class='ocrx_word' id='word_1_185' title='bbox 1361 1370 1483 1401; x_wconf 85' lang='lat' dir='ltr'><strong>erecta</strong></span> <span class='ocrx_word' id='word_1_186' title='bbox 1513 1369 1661 1402; x_wconf 90' lang='lat' dir='ltr'><strong>omnino</strong></span> 
     </span>
    </p>
   </div>
   <div class='ocr_carea' id='block_1_5' title="bbox 69 1422 1663 1689">
    <p class='ocr_par' dir='ltr' id='par_1_5' title="bbox 69 1422 1663 1689">
     <span class='ocr_line' id='line_1_20' title="bbox 82 1422 1663 1468; baseline 0 -10"><span class='ocrx_word' id='word_1_187' title='bbox 82 1434 214 1459; x_wconf 90' lang='lat' dir='ltr'><strong>eorum</strong></span> <span class='ocrx_word' id='word_1_188' title='bbox 246 1434 341 1468; x_wconf 77' lang='lat' dir='ltr'><strong>quae</strong></span> <span class='ocrx_word' id='word_1_189' title='bbox 369 1425 520 1467; x_wconf 81' lang='lat' dir='ltr'><strong>Gangris</strong></span> <span class='ocrx_word' id='word_1_190' title='bbox 551 1427 632 1458; x_wconf 79' lang='lat' dir='ltr'><strong>acta</strong></span> <span class='ocrx_word' id='word_1_191' title='bbox 660 1427 747 1458; x_wconf 87' lang='lat' dir='ltr'><strong>suut</strong></span> <span class='ocrx_word' id='word_1_192' title='bbox 776 1426 912 1458; x_wconf 90' lang='lat' dir='ltr'><strong>mentio</strong></span> <span class='ocrx_word' id='word_1_193' title='bbox 938 1422 1013 1458; x_wconf 61' lang='lat' dir='ltr'><strong>lix?</strong></span> <span class='ocrx_word' id='word_1_194' title='bbox 1066 1425 1184 1458; x_wconf 91' lang='lat' dir='ltr'><strong>lmmo</strong></span> <span class='ocrx_word' id='word_1_195' title='bbox 1216 1425 1270 1458; x_wconf 83' lang='lat' dir='ltr'><strong>sio</strong></span> <span class='ocrx_word' id='word_1_196' title='bbox 1301 1433 1360 1458; x_wconf 62' lang='grc' dir='ltr'><strong><em>Μ</em></strong></span> <span class='ocrx_word' id='word_1_197' title='bbox 1391 1434 1431 1458; x_wconf 88' lang='lat' dir='ltr'><strong>se</strong></span> <span class='ocrx_word' id='word_1_198' title='bbox 1460 1425 1587 1459; x_wconf 86' lang='lat' dir='ltr'><strong>babet:</strong></span> <span class='ocrx_word' id='word_1_199' title='bbox 1618 1425 1663 1458; x_wconf 85' lang='lat' dir='ltr'><strong>Bt</strong></span> 
     </span>
     <span class='ocr_line' id='line_1_21' title="bbox 83 1482 1663 1525; baseline 0 -9"><span class='ocrx_word' id='word_1_200' title='bbox 83 1483 235 1525; x_wconf 72' lang='lat' dir='ltr'><strong>Gangris</strong></span> <span class='ocrx_word' id='word_1_201' title='bbox 262 1483 427 1516; x_wconf 89' lang='lat' dir='ltr'><strong>omnium</strong></span> <span class='ocrx_word' id='word_1_202' title='bbox 459 1482 663 1515; x_wconf 79' lang='lat' dir='ltr'><strong>eivitatium</strong></span> <span class='ocrx_word' id='word_1_203' title='bbox 685 1482 793 1524; x_wconf 79' lang='lat' dir='ltr'><strong>legati</strong></span> <span class='ocrx_word' id='word_1_204' title='bbox 815 1484 853 1515; x_wconf 86' lang='lat' dir='ltr'><strong>et</strong></span> <span class='ocrx_word' id='word_1_205' title='bbox 876 1483 913 1515; x_wconf 89' lang='lat' dir='ltr'><strong>in</strong></span> <span class='ocrx_word' id='word_1_206' title='bbox 936 1491 1159 1525; x_wconf 83' lang='lat' dir='ltr'><strong>unoquoque</strong></span> <span class='ocrx_word' id='word_1_207' title='bbox 1188 1484 1372 1515; x_wconf 80' lang='lat' dir='ltr'><strong>conventu</strong></span> <span class='ocrx_word' id='word_1_208' title='bbox 1406 1491 1534 1516; x_wconf 81' lang='lat' dir='ltr'><strong>omues</strong></span> <span class='ocrx_word' id='word_1_209' title='bbox 1562 1484 1663 1516; x_wconf 80' lang='lat' dir='ltr'><strong>cives</strong></span> 
     </span>
     <span class='ocr_line' id='line_1_22' title="bbox 83 1539 1663 1584; baseline 0.001 -11"><span class='ocrx_word' id='word_1_210' title='bbox 83 1540 222 1573; x_wconf 76' lang='lat' dir='ltr'><strong>viritim</strong></span> <span class='ocrx_word' id='word_1_211' title='bbox 250 1539 431 1574; x_wconf 82' lang='lat' dir='ltr'><strong>iurabant.</strong></span> <span class='ocrx_word' id='word_1_212' title='bbox 481 1539 582 1573; x_wconf 84' lang='lat' dir='ltr'><strong>Idem</strong></span> <span class='ocrx_word' id='word_1_213' title='bbox 605 1541 717 1573; x_wconf 83' lang='lat' dir='ltr'><strong>etiam</strong></span> <span class='ocrx_word' id='word_1_214' title='bbox 741 1540 777 1572; x_wconf 89' lang='lat' dir='ltr'><strong>in</strong></span> <span class='ocrx_word' id='word_1_215' title='bbox 801 1539 1094 1581; x_wconf 80' lang='lat' dir='ltr'><strong>Pbazimonitide,</strong></span> <span class='ocrx_word' id='word_1_216' title='bbox 1117 1540 1181 1582; x_wconf 82' lang='lat' dir='ltr'><strong>qul</strong></span> <span class='ocrx_word' id='word_1_217' title='bbox 1204 1541 1283 1572; x_wconf 87' lang='lat' dir='ltr'><strong>erat</strong></span> <span class='ocrx_word' id='word_1_218' title='bbox 1305 1548 1401 1584; x_wconf 83' lang='lat' dir='ltr'><strong>unus</strong></span> <span class='ocrx_word' id='word_1_219' title='bbox 1424 1548 1469 1573; x_wconf 81' lang='lat' dir='ltr'><strong>ex</strong></span> <span class='ocrx_word' id='word_1_220' title='bbox 1493 1540 1551 1573; x_wconf 87' lang='lat' dir='ltr'><strong>bis</strong></span> <span class='ocrx_word' id='word_1_221' title='bbox 1574 1549 1663 1574; x_wconf 81' lang='lat' dir='ltr'><strong>con·</strong></span> 
     </span>
     <span class='ocr_line' id='line_1_23' title="bbox 69 1596 1662 1640; baseline -0.001 -9"><span class='ocrx_word' id='word_1_222' title='bbox 69 1597 265 1639; x_wconf 52' lang='lat' dir='ltr'><strong>fientibus,</strong></span> <span class='ocrx_word' id='word_1_223' title='bbox 295 1596 433 1631; x_wconf 67' lang='lat' dir='ltr'><strong>fletum</strong></span> <span class='ocrx_word' id='word_1_224' title='bbox 461 1605 543 1630; x_wconf 85' lang='lat' dir='ltr'><strong>esse</strong></span> <span class='ocrx_word' id='word_1_225' title='bbox 572 1599 765 1639; x_wconf 84' lang='lat' dir='ltr'><strong>propterea</strong></span> <span class='ocrx_word' id='word_1_226' title='bbox 796 1596 941 1630; x_wconf 85' lang='lat' dir='ltr'><strong>definite</strong></span> <span class='ocrx_word' id='word_1_227' title='bbox 970 1597 1192 1639; x_wconf 82' lang='lat' dir='ltr'><strong>enuntiatur,</strong></span> <span class='ocrx_word' id='word_1_228' title='bbox 1231 1598 1318 1640; x_wconf 84' lang='lat' dir='ltr'><strong>quia</strong></span> <span class='ocrx_word' id='word_1_229' title='bbox 1348 1597 1428 1630; x_wconf 79' lang='lat' dir='ltr'><strong>eius</strong></span> <span class='ocrx_word' id='word_1_230' title='bbox 1458 1598 1510 1630; x_wconf 89' lang='lat' dir='ltr'><strong>rei</strong></span> <span class='ocrx_word' id='word_1_231' title='bbox 1542 1606 1662 1630; x_wconf 91' lang='lat' dir='ltr'><strong>mom-</strong></span> 
     </span>
     <span class='ocr_line' id='line_1_24' title="bbox 83 1654 1039 1689; baseline -0.002 0"><span class='ocrx_word' id='word_1_232' title='bbox 83 1656 251 1689; x_wconf 67' lang='lat' dir='ltr'><strong>mntum</strong></span> <span class='ocrx_word' id='word_1_233' title='bbox 271 1655 363 1689; x_wconf 78' lang='lat' dir='ltr'><strong>baee</strong></span> <span class='ocrx_word' id='word_1_234' title='bbox 384 1654 508 1688; x_wconf 83' lang='lat' dir='ltr'><strong>tabula</strong></span> <span class='ocrx_word' id='word_1_235' title='bbox 531 1655 749 1688; x_wconf 75' lang='lat' dir='ltr'><strong>Phazimone</strong></span> <span class='ocrx_word' id='word_1_236' title='bbox 773 1654 951 1688; x_wconf 84' lang='lat' dir='ltr'><strong>collocata</strong></span> <span class='ocrx_word' id='word_1_237' title='bbox 974 1657 1039 1688; x_wconf 87' lang='lat' dir='ltr'><strong>est.</strong></span> 
     </span>
    </p>
   </div>
   <div class='ocr_carea' id='block_1_6' title="bbox 0 1824 1664 1880">
    <p class='ocr_par' dir='ltr' id='par_1_6' title="bbox 0 1824 1664 1880">
     <span class='ocr_line' id='line_1_25' title="bbox 0 1824 1664 1880; baseline -0.002 -9"><span class='ocrx_word' id='word_1_238' title='bbox 0 1824 10 1843; x_wconf 62' lang='lat'><em>⁵</em></span> <span class='ocrx_word' id='word_1_239' title='bbox 170 1824 260 1869; x_wconf 74' lang='lat'><strong>533</strong></span> <span class='ocrx_word' id='word_1_240' title='bbox 300 1829 455 1869; x_wconf 77' lang='lat' dir='ltr'><strong>Titulus</strong></span> <span class='ocrx_word' id='word_1_241' title='bbox 483 1829 525 1867; x_wconf 90' lang='lat' dir='ltr'><strong>in</strong></span> <span class='ocrx_word' id='word_1_242' title='bbox 553 1829 761 1880; x_wconf 82' lang='lat' dir='ltr'><strong>Augusteo</strong></span> <span class='ocrx_word' id='word_1_243' title='bbox 790 1829 1100 1880; x_wconf 81' lang='lat' dir='ltr'><strong>Aneyranorum</strong></span> <span class='ocrx_word' id='word_1_244' title='bbox 1128 1839 1203 1880; x_wconf 87' lang='lat' dir='ltr'><strong>per</strong></span> <span class='ocrx_word' id='word_1_245' title='bbox 1231 1828 1386 1880; x_wconf 86' lang='lat' dir='ltr'><strong>lapides</strong></span> <span class='ocrx_word' id='word_1_246' title='bbox 1417 1832 1537 1868; x_wconf 87' lang='lat' dir='ltr'><strong>antae</strong></span> <span class='ocrx_word' id='word_1_247' title='bbox 1567 1829 1664 1868; x_wconf 89' lang='lat' dir='ltr'><strong>sini-</strong></span> 
     </span>
    </p>
   </div>
   <div class='ocr_carea' id='block_1_7' title="bbox 0 1897 1665 2029">
    <p class='ocr_par' dir='ltr' id='par_1_7' title="bbox 0 1896 1665 2029">
     <span class='ocr_line' id='line_1_26' title="bbox 83 1897 1665 1950; baseline -0.001 -13.05"><span class='ocrx_word' id='word_1_248' title='bbox 83 1899 197 1937; x_wconf 82' lang='lat' dir='ltr'><strong>strae</strong></span> <span class='ocrx_word' id='word_1_249' title='bbox 221 1897 281 1937; x_wconf 78' lang='lat' dir='ltr'><strong>ita</strong></span> <span class='ocrx_word' id='word_1_250' title='bbox 308 1897 475 1948; x_wconf 77' lang='lat' dir='ltr'><strong>divisus,</strong></span> <span class='ocrx_word' id='word_1_251' title='bbox 514 1901 560 1937; x_wconf 92' lang='lat' dir='ltr'><strong>ut</strong></span> <span class='ocrx_word' id='word_1_252' title='bbox 588 1909 774 1937; x_wconf 85' lang='lat' dir='ltr'><strong>summus</strong></span> <span class='ocrx_word' id='word_1_253' title='bbox 802 1898 906 1950; x_wconf 83' lang='lat' dir='ltr'><strong>lapis</strong></span> <span class='ocrx_word' id='word_1_254' title='bbox 935 1898 1112 1950; x_wconf 82' lang='lat' dir='ltr'><strong>itemque</strong></span> <span class='ocrx_word' id='word_1_255' title='bbox 1148 1898 1292 1937; x_wconf 84' lang='lat' dir='ltr'><strong>tertius</strong></span> <span class='ocrx_word' id='word_1_256' title='bbox 1322 1897 1503 1937; x_wconf 86' lang='lat' dir='ltr'><strong>decimus</strong></span> <span class='ocrx_word' id='word_1_257' title='bbox 1532 1901 1574 1937; x_wconf 89' lang='lat' dir='ltr'><strong>et</strong></span> <span class='ocrx_word' id='word_1_258' title='bbox 1601 1898 1665 1936; x_wconf 88' lang='lat' dir='ltr'><strong>in-</strong></span> 
     </span>
     <span class='ocr_line' id='line_1_27' title="bbox 0 1962 1665 2029; baseline -0.001 -23"><span class='ocrx_word' id='word_1_259' title='bbox 0 1962 12 2029; x_wconf 71' lang='lat'>{</span> <span class='ocrx_word' id='word_1_260' title='bbox 83 1965 171 2006; x_wconf 81' lang='lat' dir='ltr'><strong>fimi</strong></span> <span class='ocrx_word' id='word_1_261' title='bbox 198 1966 375 2019; x_wconf 88' lang='lat' dir='ltr'><strong>quinque</strong></span> <span class='ocrx_word' id='word_1_262' title='bbox 404 1978 430 2006; x_wconf 85' lang='lat' dir='ltr'><strong>a</strong></span> <span class='ocrx_word' id='word_1_263' title='bbox 449 1966 723 2006; x_wconf 83' lang='lat' dir='ltr'><strong>sextodecimo</strong></span> <span class='ocrx_word' id='word_1_264' title='bbox 749 1966 803 2006; x_wconf 82' lang='lat' dir='ltr'><strong>ad</strong></span> <span class='ocrx_word' id='word_1_265' title='bbox 821 1966 1064 2018; x_wconf 61' lang='lat' dir='ltr'><strong>vigesimum</strong></span> <span class='ocrx_word' id='word_1_266' title='bbox 1085 1966 1286 2018; x_wconf 84' lang='lat' dir='ltr'><strong>scriptura</strong></span> <span class='ocrx_word' id='word_1_267' title='bbox 1307 1970 1490 2016; x_wconf 79' lang='lat' dir='ltr'><strong>careant;</strong></span> <span class='ocrx_word' id='word_1_268' title='bbox 1521 1966 1665 2006; x_wconf 86' lang='lat' dir='ltr'><strong>tertius</strong></span> 
     </span>
    </p>
   </div>
   <div class='ocr_carea' id='block_1_8' title="bbox 0 2035 1667 2431">
    <p class='ocr_par' dir='ltr' id='par_1_8' title="bbox 0 2035 1667 2431">
     <span class='ocr_line' id='line_1_28' title="bbox 0 2035 1663 2090; baseline 0.001 -16"><span class='ocrx_word' id='word_1_269' title='bbox 0 2062 3 2090; x_wconf 39' lang='grc' dir='ltr'>ς</span> <span class='ocrx_word' id='word_1_270' title='bbox 85 2045 112 2074; x_wconf 88' lang='lat' dir='ltr'><strong>a</strong></span> <span class='ocrx_word' id='word_1_271' title='bbox 145 2046 306 2075; x_wconf 85' lang='lat' dir='ltr'><strong>summo</strong></span> <span class='ocrx_word' id='word_1_272' title='bbox 342 2035 418 2075; x_wconf 82' lang='lat' dir='ltr'><strong>fuit</strong></span> <span class='ocrx_word' id='word_1_273' title='bbox 452 2036 616 2088; x_wconf 88' lang='lat' dir='ltr'><strong>quidem</strong></span> <span class='ocrx_word' id='word_1_274' title='bbox 651 2037 882 2088; x_wconf 82' lang='lat' dir='ltr'><strong>inscriptus,</strong></span> <span class='ocrx_word' id='word_1_275' title='bbox 925 2035 997 2075; x_wconf 85' lang='lat' dir='ltr'><strong>sed</strong></span> <span class='ocrx_word' id='word_1_276' title='bbox 1032 2036 1190 2075; x_wconf 78' lang='lat' dir='ltr'><strong>litterae</strong></span> <span class='ocrx_word' id='word_1_277' title='bbox 1229 2039 1494 2075; x_wconf 84' lang='lat' dir='ltr'><strong>evanuerunt.</strong></span> <span class='ocrx_word' id='word_1_278' title='bbox 1561 2035 1663 2075; x_wconf 86' lang='lat' dir='ltr'><strong>Edd.</strong></span> 
     </span>
     <span class='ocr_line' id='line_1_29' title="bbox 7 2101 1666 2157; baseline 0 -14"><span class='ocrx_word' id='word_1_279' title='bbox 7 2101 10 2104; x_wconf 76' lang='grc'>’</span> <span class='ocrx_word' id='word_1_280' title='bbox 86 2103 346 2144; x_wconf 71' lang='lat' dir='ltr'><strong>Houtfaueon</strong></span> <span class='ocrx_word' id='word_1_281' title='bbox 381 2104 589 2156; x_wconf 83' lang='lat' dir='ltr'><strong>Palaeogr.</strong></span> <span class='ocrx_word' id='word_1_282' title='bbox 624 2103 693 2144; x_wconf 90' lang='lat' dir='ltr'><strong>Gr.</strong></span> <span class='ocrx_word' id='word_1_283' title='bbox 730 2117 771 2157; x_wconf 90' lang='lat' dir='ltr'><strong>p.</strong></span> <span class='ocrx_word' id='word_1_284' title='bbox 797 2104 876 2143; x_wconf 79' lang='lat'><strong>⁴57</strong></span> <span class='ocrx_word' id='word_1_285' title='bbox 916 2116 968 2144; x_wconf 85' lang='lat' dir='ltr'><strong>ex</strong></span> <span class='ocrx_word' id='word_1_286' title='bbox 1007 2103 1167 2144; x_wconf 81' lang='lat' dir='ltr'><strong>schedis</strong></span> <span class='ocrx_word' id='word_1_287' title='bbox 1205 2103 1475 2144; x_wconf 86' lang='lat' dir='ltr'><strong>Tourneforti.</strong></span> <span class='ocrx_word' id='word_1_288' title='bbox 1525 2104 1666 2143; x_wconf 81' lang='lat' dir='ltr'><strong>Paullo</strong></span> 
     </span>
     <span class='ocr_line' id='line_1_30' title="bbox 86 2172 1665 2225; baseline 0.001 -15"><span class='ocrx_word' id='word_1_289' title='bbox 86 2172 245 2224; x_wconf 76' lang='lat' dir='ltr'><strong>plenius</strong></span> <span class='ocrx_word' id='word_1_290' title='bbox 273 2172 317 2211; x_wconf 88' lang='lat' dir='ltr'><strong>P.</strong></span> <span class='ocrx_word' id='word_1_291' title='bbox 339 2173 469 2212; x_wconf 83' lang='lat' dir='ltr'><strong>Lucas</strong></span> <span class='ocrx_word' id='word_1_292' title='bbox 497 2174 586 2212; x_wconf 89' lang='lat' dir='ltr'><strong>ltin.</strong></span> <span class='ocrx_word' id='word_1_293' title='bbox 608 2173 675 2212; x_wconf 90' lang='lat' dir='ltr'><strong>Gr.</strong></span> <span class='ocrx_word' id='word_1_294' title='bbox 697 2174 764 2212; x_wconf 85' lang='lat' dir='ltr'><strong>As.</strong></span> <span class='ocrx_word' id='word_1_295' title='bbox 784 2173 881 2212; x_wconf 89' lang='lat' dir='ltr'><strong>min.</strong></span> <span class='ocrx_word' id='word_1_296' title='bbox 909 2173 927 2211; x_wconf 92' lang='lat'><em>1</em></span> <span class='ocrx_word' id='word_1_297' title='bbox 956 2185 996 2224; x_wconf 91' lang='lat' dir='ltr'><strong>p.</strong></span> <span class='ocrx_word' id='word_1_298' title='bbox 1021 2173 1104 2212; x_wconf 84' lang='lat'><strong>308</strong></span> <span class='ocrx_word' id='word_1_299' title='bbox 1135 2173 1203 2225; x_wconf 83' lang='lat' dir='ltr'><strong>(ex</strong></span> <span class='ocrx_word' id='word_1_300' title='bbox 1232 2173 1372 2212; x_wconf 75' lang='lat' dir='ltr'><strong>Montf.</strong></span> <span class='ocrx_word' id='word_1_301' title='bbox 1405 2173 1601 2212; x_wconf 74' lang='lat' dir='ltr'><strong>Muratori</strong></span> <span class='ocrx_word' id='word_1_302' title='bbox 1630 2173 1665 2211; x_wconf 92' lang='grc' dir='ltr'>Π</span> 
     </span>
     <span class='ocr_line' id='line_1_31' title="bbox 86 2239 1667 2292; baseline 0.001 -14"><span class='ocrx_word' id='word_1_303' title='bbox 86 2252 129 2292; x_wconf 90' lang='lat' dir='ltr'><strong>p.</strong></span> <span class='ocrx_word' id='word_1_304' title='bbox 160 2239 374 2291; x_wconf 84' lang='lat' dir='ltr'><strong>DCXLIII).</strong></span> <span class='ocrx_word' id='word_1_305' title='bbox 425 2242 491 2280; x_wconf 83' lang='lat' dir='ltr'><strong>Vs.</strong></span> <span class='ocrx_word' id='word_1_306' title='bbox 523 2241 631 2280; x_wconf 78' lang='lat' dir='ltr'><strong>l—-3</strong></span> <span class='ocrx_word' id='word_1_307' title='bbox 673 2245 714 2281; x_wconf 93' lang='lat' dir='ltr'><strong>et</strong></span> <span class='ocrx_word' id='word_1_308' title='bbox 746 2241 913 2280; x_wconf 78' lang='grc'><strong>42-46</strong></span> <span class='ocrx_word' id='word_1_309' title='bbox 950 2241 1246 2281; x_wconf 79' lang='lat' dir='ltr'><strong>emendatiores</strong></span> <span class='ocrx_word' id='word_1_310' title='bbox 1291 2241 1457 2281; x_wconf 83' lang='lat' dir='ltr'><strong>exhibet</strong></span> <span class='ocrx_word' id='word_1_311' title='bbox 1487 2240 1667 2280; x_wconf 86' lang='lat' dir='ltr'><strong>Chishull</strong></span> 
     </span>
     <span class='ocr_line' id='line_1_32' title="bbox 87 2308 1667 2363; baseline 0.001 -16"><span class='ocrx_word' id='word_1_312' title='bbox 87 2308 222 2360; x_wconf 85' lang='lat' dir='ltr'><strong>Antiq.</strong></span> <span class='ocrx_word' id='word_1_313' title='bbox 248 2308 372 2348; x_wconf 81' lang='lat' dir='ltr'><strong>Asiat.</strong></span> <span class='ocrx_word' id='word_1_314' title='bbox 403 2322 444 2362; x_wconf 90' lang='lat' dir='ltr'><strong>p.</strong></span> <span class='ocrx_word' id='word_1_315' title='bbox 476 2310 572 2349; x_wconf 78' lang='lat'><strong>⁴68.</strong></span> <span class='ocrx_word' id='word_1_316' title='bbox 622 2311 767 2350; x_wconf 84' lang='lat' dir='ltr'><strong>Totum</strong></span> <span class='ocrx_word' id='word_1_317' title='bbox 805 2311 965 2350; x_wconf 89' lang='lat' dir='ltr'><strong>titulum</strong></span> <span class='ocrx_word' id='word_1_318' title='bbox 1008 2311 1241 2363; x_wconf 87' lang='lat' dir='ltr'><strong>plenissime</strong></span> <span class='ocrx_word' id='word_1_319' title='bbox 1283 2313 1323 2349; x_wconf 87' lang='lat' dir='ltr'><strong>et</strong></span> <span class='ocrx_word' id='word_1_320' title='bbox 1365 2310 1667 2350; x_wconf 81' lang='lat' dir='ltr'><strong>accuratissime</strong></span> 
     </span>
     <span class='ocr_line' id='line_1_33' title="bbox 89 2376 1666 2431; baseline 0.001 -15"><span class='ocrx_word' id='word_1_321' title='bbox 89 2376 294 2417; x_wconf 79' lang='lat' dir='ltr'><strong>Hamilton</strong></span> <span class='ocrx_word' id='word_1_322' title='bbox 314 2378 563 2418; x_wconf 65' lang='lat' dir='ltr'><strong>Researehae</strong></span> <span class='ocrx_word' id='word_1_323' title='bbox 591 2379 631 2417; x_wconf 93' lang='lat' dir='ltr'><strong>in</strong></span> <span class='ocrx_word' id='word_1_324' title='bbox 651 2380 745 2418; x_wconf 81' lang='lat' dir='ltr'><strong>Asia</strong></span> <span class='ocrx_word' id='word_1_325' title='bbox 765 2380 899 2419; x_wconf 88' lang='lat' dir='ltr'><strong>minor</strong></span> <span class='ocrx_word' id='word_1_326' title='bbox 917 2379 952 2418; x_wconf 93' lang='grc' dir='ltr'>Π</span> <span class='ocrx_word' id='word_1_327' title='bbox 971 2392 1013 2431; x_wconf 88' lang='lat' dir='ltr'><strong>p.</strong></span> <span class='ocrx_word' id='word_1_328' title='bbox 1031 2379 1109 2418; x_wconf 66' lang='lat'><strong>⁴03</strong></span> <span class='ocrx_word' id='word_1_329' title='bbox 1135 2379 1181 2431; x_wconf 87' lang='lat' dir='ltr'><strong>(J.</strong></span> <span class='ocrx_word' id='word_1_330' title='bbox 1198 2379 1328 2418; x_wconf 84' lang='lat' dir='ltr'><strong>Franz</strong></span> <span class='ocrx_word' id='word_1_331' title='bbox 1350 2379 1392 2419; x_wconf 91' lang='lat' dir='ltr'><strong>C.</strong></span> <span class='ocrx_word' id='word_1_332' title='bbox 1414 2379 1443 2418; x_wconf 93' lang='grc' dir='ltr'><strong>Ι.</strong></span> <span class='ocrx_word' id='word_1_333' title='bbox 1461 2379 1506 2419; x_wconf 90' lang='lat' dir='ltr'><strong>G.</strong></span> <span class='ocrx_word' id='word_1_334' title='bbox 1526 2379 1666 2429; x_wconf 71' lang='lat'><strong>4039).</strong></span> 
     </span>
    </p>
   </div>
   <div class='ocr_carea' id='block_1_9' title="bbox 87 2445 1668 2566">
    <p class='ocr_par' dir='ltr' id='par_1_9' title="bbox 87 2445 1668 2566">
     <span class='ocr_line' id='line_1_34' title="bbox 87 2445 1668 2500; baseline 0.001 -15"><span class='ocrx_word' id='word_1_335' title='bbox 87 2445 255 2486; x_wconf 85' lang='lat' dir='ltr'><strong>Partem</strong></span> <span class='ocrx_word' id='word_1_336' title='bbox 282 2447 405 2486; x_wconf 89' lang='lat' dir='ltr'><strong>modo</strong></span> <span class='ocrx_word' id='word_1_337' title='bbox 434 2449 624 2499; x_wconf 83' lang='lat' dir='ltr'><strong>repetivit</strong></span> <span class='ocrx_word' id='word_1_338' title='bbox 651 2447 697 2487; x_wconf 86' lang='lat' dir='ltr'><strong>R.</strong></span> <span class='ocrx_word' id='word_1_339' title='bbox 722 2448 877 2500; x_wconf 87' lang='lat' dir='ltr'><strong>Cagnat</strong></span> <span class='ocrx_word' id='word_1_340' title='bbox 904 2449 1029 2487; x_wconf 87' lang='lat' dir='ltr'><strong>Inscr.</strong></span> <span class='ocrx_word' id='word_1_341' title='bbox 1059 2447 1126 2487; x_wconf 91' lang='lat' dir='ltr'><strong>Gr.</strong></span> <span class='ocrx_word' id='word_1_342' title='bbox 1155 2448 1209 2487; x_wconf 89' lang='lat' dir='ltr'><strong>ad</strong></span> <span class='ocrx_word' id='word_1_343' title='bbox 1234 2460 1301 2487; x_wconf 86' lang='lat' dir='ltr'><strong>res</strong></span> <span class='ocrx_word' id='word_1_344' title='bbox 1328 2448 1443 2487; x_wconf 88' lang='lat' dir='ltr'><strong>Rom.</strong></span> <span class='ocrx_word' id='word_1_345' title='bbox 1475 2452 1580 2500; x_wconf 85' lang='lat' dir='ltr'><strong>pert.</strong></span> <span class='ocrx_word' id='word_1_346' title='bbox 1616 2448 1668 2486; x_wconf 92' lang='lat'><strong>111</strong></span> 
     </span>
     <span class='ocr_line' id='line_1_35' title="bbox 88 2515 398 2566; baseline 0.006 -13"><span class='ocrx_word' id='word_1_347' title='bbox 88 2525 131 2566; x_wconf 82' lang='lat' dir='ltr'><strong>p.</strong></span> <span class='ocrx_word' id='word_1_348' title='bbox 153 2515 207 2554; x_wconf 71' lang='lat'><strong>64</strong></span> <span class='ocrx_word' id='word_1_349' title='bbox 238 2527 279 2554; x_wconf 89' lang='lat' dir='ltr'><strong>n.</strong></span> <span class='ocrx_word' id='word_1_350' title='bbox 304 2515 398 2555; x_wconf 70' lang='lat'><strong>⁴57.</strong></span> 
     </span>
    </p>
   </div>
   <div class='ocr_carea' id='block_1_10' title="bbox 160 2626 1666 2752">
    <p class='ocr_par' dir='ltr' id='par_1_10' title="bbox 160 2626 1666 2752">
     <span class='ocr_line' id='line_1_36' title="bbox 160 2626 1666 2685; baseline -0.001 -18"><span class='ocrx_word' id='word_1_351' title='bbox 160 2628 180 2666; x_wconf 96' lang='lat'>1</span> <span class='ocrx_word' id='word_1_352' title='bbox 208 2626 432 2669; x_wconf 85' lang='grc' dir='ltr'>Γαλατῶν</span> <span class='ocrx_word' id='word_1_353' title='bbox 464 2627 541 2684; x_wconf 55' lang='lat' dir='ltr'><strong>[fle</strong></span> <span class='ocrx_word' id='word_1_354' title='bbox 574 2627 745 2683; x_wconf 73' lang='grc' dir='ltr'><strong>[κοινὸν</strong></span> <span class='ocrx_word' id='word_1_355' title='bbox 779 2630 783 2682; x_wconf 68' lang='grc' dir='ltr'>ξ</span> <span class='ocrx_word' id='word_1_356' title='bbox 818 2628 1173 2685; x_wconf 44' lang='lat' dir='ltr'><strong>&amp;Raudiis-vost</strong></span> <span class='ocrx_word' id='word_1_357' title='bbox 1205 2628 1211 2684; x_wconf 72' lang='grc'>1</span> <span class='ocrx_word' id='word_1_358' title='bbox 1245 2629 1362 2670; x_wconf 80' lang='grc' dir='ltr'>θεῶι</span> <span class='ocrx_word' id='word_1_359' title='bbox 1393 2627 1666 2682; x_wconf 58' lang='grc' dir='ltr'><strong>Σεβαστῶιι</strong></span> 
     </span>
     <span class='ocr_line' id='line_1_37' title="bbox 206 2694 710 2752; baseline 0.004 -16"><span class='ocrx_word' id='word_1_360' title='bbox 206 2694 287 2736; x_wconf 72' lang='grc' dir='ltr'><strong>καὶ</strong></span> <span class='ocrx_word' id='word_1_361' title='bbox 317 2696 430 2737; x_wconf 78' lang='grc' dir='ltr'><strong>θεᾶι</strong></span> <span class='ocrx_word' id='word_1_362' title='bbox 452 2694 672 2752; x_wconf 48' lang='grc' dir='ltr'><strong>Ῥώμην).</strong></span> <span class='ocrx_word' id='word_1_363' title='bbox 699 2698 710 2752; x_wconf 62' lang='lat' dir='ltr'><strong>{fi</strong></span> 
     </span>
    </p>
   </div>
   <div class='ocr_carea' id='block_1_11' title="bbox 92 2818 1673 2978">
    <p class='ocr_par' dir='ltr' id='par_1_11' title="bbox 92 2818 1673 2978">
     <span class='ocr_line' id='line_1_38' title="bbox 185 2818 1670 2861; baseline -0.001 -10"><span class='ocrx_word' id='word_1_364' title='bbox 185 2819 340 2854; x_wconf 85' lang='lat' dir='ltr'><strong>Litterae</strong></span> <span class='ocrx_word' id='word_1_365' title='bbox 374 2823 613 2856; x_wconf 83' lang='grc' dir='ltr'>ΑΖΘΘΞΠΣ.</span> <span class='ocrx_word' id='word_1_366' title='bbox 773 2826 785 2855; x_wconf 76' lang='lat' dir='ltr'><strong>l</strong></span> <span class='ocrx_word' id='word_1_367' title='bbox 825 2823 1012 2856; x_wconf 73' lang='lat' dir='ltr'><strong>Manifesto</strong></span> <span class='ocrx_word' id='word_1_368' title='bbox 1048 2823 1121 2855; x_wconf 90' lang='lat' dir='ltr'><strong>duo</strong></span> <span class='ocrx_word' id='word_1_369' title='bbox 1156 2823 1252 2855; x_wconf 85' lang='lat' dir='ltr'><strong>tituli</strong></span> <span class='ocrx_word' id='word_1_370' title='bbox 1288 2818 1530 2861; x_wconf 79' lang='lat' dir='ltr'><strong>distinguendi</strong></span> <span class='ocrx_word' id='word_1_371' title='bbox 1567 2819 1670 2850; x_wconf 89' lang='lat' dir='ltr'><strong>sunt:</strong></span> 
     </span>
     <span class='ocr_line' id='line_1_39' title="bbox 93 2875 1673 2921; baseline -0.001 -14"><span class='ocrx_word' id='word_1_372' title='bbox 93 2876 109 2907; x_wconf 88' lang='lat'>1</span> <span class='ocrx_word' id='word_1_373' title='bbox 140 2875 323 2909; x_wconf 75' lang='lat' dir='ltr'><strong>Dedieutio</strong></span> <span class='ocrx_word' id='word_1_374' title='bbox 346 2879 519 2920; x_wconf 77' lang='lat' dir='ltr'><strong>Augustei</strong></span> <span class='ocrx_word' id='word_1_375' title='bbox 542 2881 640 2921; x_wconf 85' lang='lat' dir='ltr'><strong>quod</strong></span> <span class='ocrx_word' id='word_1_376' title='bbox 672 2883 751 2913; x_wconf 83' lang='lat' dir='ltr'><strong>tota</strong></span> <span class='ocrx_word' id='word_1_377' title='bbox 782 2881 881 2913; x_wconf 85' lang='lat' dir='ltr'><strong>natio</strong></span> <span class='ocrx_word' id='word_1_378' title='bbox 899 2880 1081 2912; x_wconf 87' lang='lat' dir='ltr'><strong>Gallorum</strong></span> <span class='ocrx_word' id='word_1_379' title='bbox 1098 2881 1260 2921; x_wconf 54' lang='lat' dir='ltr'><strong>Ancwae</strong></span> <span class='ocrx_word' id='word_1_380' title='bbox 1284 2876 1472 2909; x_wconf 86' lang='lat' dir='ltr'><strong>constituit</strong></span> <span class='ocrx_word' id='word_1_381' title='bbox 1496 2876 1542 2915; x_wconf 66' lang='lat' dir='ltr'><strong>(V.</strong></span> <span class='ocrx_word' id='word_1_382' title='bbox 1560 2876 1673 2915; x_wconf 68' lang='lat'><strong>⁴—⁴&gt;.</strong></span> 
     </span>
     <span class='ocr_line' id='line_1_40' title="bbox 92 2932 1673 2978; baseline 0 -14"><span class='ocrx_word' id='word_1_383' title='bbox 92 2933 124 2965; x_wconf 89' lang='lat' dir='ltr'><strong>ll</strong></span> <span class='ocrx_word' id='word_1_384' title='bbox 155 2932 335 2965; x_wconf 76' lang='lat' dir='ltr'><strong>neoensus</strong></span> <span class='ocrx_word' id='word_1_385' title='bbox 364 2935 691 2969; x_wconf 81' lang='lat' dir='ltr'><strong>munificentiarum</strong></span> <span class='ocrx_word' id='word_1_386' title='bbox 732 2936 867 2978; x_wconf 87' lang='lat' dir='ltr'><strong>quibus</strong></span> <span class='ocrx_word' id='word_1_387' title='bbox 896 2937 1061 2969; x_wconf 79' lang='lat' dir='ltr'><strong>homines</strong></span> <span class='ocrx_word' id='word_1_388' title='bbox 1093 2936 1255 2977; x_wconf 86' lang='lat' dir='ltr'><strong>opulenti</strong></span> <span class='ocrx_word' id='word_1_389' title='bbox 1287 2936 1321 2965; x_wconf 87' lang='lat' dir='ltr'><strong>et</strong></span> <span class='ocrx_word' id='word_1_390' title='bbox 1353 2932 1520 2964; x_wconf 85' lang='lat' dir='ltr'><strong>liberales</strong></span> <span class='ocrx_word' id='word_1_391' title='bbox 1549 2934 1673 2973; x_wconf 55' lang='lat' dir='ltr'><strong>gentas</strong></span> 
     </span>
    </p>
   </div>
  </div>
 </body>
</html>
