1858 3126
224 144 308 184 442
403 142 492 174 VIII.
530 142 677 184 Imperii
701 142 853 175 Romani
877 143 1087 185 provinciae
1112 142 1316 176 orientales.
1365 146 1397 176 9.
1420 143 1619 186 Aegyptus.
1685 143 1813 186 [⁷10⁴—

293 290 313 322 5
340 279 633 321 κατεσκεύασεν
664 277 677 336 ΙΙ
706 281 752 322 ἐκ
786 281 856 321 τοῦ
888 278 1017 321 ἰδίου3
1047 279 1252 336 εὐσεβείας
1281 278 1404 336 χάριν
1438 279 1442 335 Ι
1476 276 1539 322 ἐπ’
1566 280 1765 336 ἀγαθῶι4.
1802 282 1806 334 Ι

347 348 382 390 Ι..
405 344 459 390 ιθ’
492 347 795 405 Αὐτοκράτορος
832 346 1041 405 Καίσαρος
1078 347 1196 391 Τίτου
1231 347 1235 404 Ι
1268 347 1412 391 Αἰλίου
1435 346 1645 405 Ἀδριανοῦ
1669 346 1812 391 Ἀντω-

339 417 447 459 νίνου
478 416 687 473 Σεβαστοῦ
719 416 724 471 Ι
757 415 984 473 Εὐσεβοΰς5
1014 417 1201 474 Φαωφίθ.

318 547 336 576 3
371 544 419 577 Cf.
446 554 479 577 n.
498 543 598 577 4765.
725 547 743 577 4
775 545 814 577 In
839 544 994 578 formula
1023 545 1172 587 antiqua
1205 543 1288 577 ἰῶτα
1319 542 1560 589 ἀνεκφώνητον
1589 545 1810 587 conservari,

224 611 308 635 cum
327 604 514 644 praeterea
531 603 729 645 prematur,
756 605 879 635 monet
903 603 941 635 R.
1065 606 1084 634 5
1116 602 1412 644 Undevigesimus
1435 601 1606 636 Antonini
1620 602 1673 635 Pii
1697 611 1813 636 annus

225 658 329 705 45516
359 669 395 702 p.
418 661 499 693 Chr.
524 669 557 693 n.
588 662 653 693 est.
809 663 826 692 6
856 660 1018 701 Phaophi
1043 660 1225 693 secundus
1251 660 1332 692 anni
1357 660 1569 702 Aegyptiaci
1594 660 1740 702 mensis,
1775 660 1813 692 in

223 717 325 750 fastis
350 718 410 750 illa
435 719 551 750 aetate
575 718 719 750 usitatis
744 718 920 760 incipiens
945 727 966 750 a
990 717 1048 750 die
1073 720 1127 750 28.
1154 718 1289 750 mensis
1314 716 1548 759 Septembris.
1596 717 1693 750 Inter
1715 717 1813 750 hunc

224 776 335 816 igitur
360 777 395 808 et
421 775 516 807 diem
543 777 584 807 27
610 784 659 808 m.
678 775 844 808 Octobris
870 778 935 808 455
961 784 997 817 p.
1015 775 1096 807 Chr.
1123 775 1212 807 haec
1236 776 1348 807 incisa
1373 776 1468 807 sunt.

311 946 399 989 705
443 950 559 988 Basis
598 952 755 987 statuae
794 949 961 987 inventa
990 948 1271 999 Alexandriae,
1311 950 1446 988 exstat
1482 948 1523 986 in
1562 959 1704 987 museo
1739 958 1813 1000 op-

223 1017 308 1070 pidi
331 1015 469 1057 Cairo.
518 1018 589 1056 Ed.
624 1017 820 1056 Nerutsos
848 1017 934 1068 Bey
960 1017 1175 1056 Bullettino
1203 1013 1292 1055 dell’
1313 1017 1501 1056 Instituta
1531 1016 1721 1068 Egiziano
1741 1016 1813 1054 ΧΠ

224 1098 264 1138 p.
291 1084 357 1125 77.
409 1087 443 1125 J.
469 1085 513 1124 G.
537 1086 656 1124 Milne
692 1085 862 1136 History
892 1085 939 1124 of
964 1086 1100 1137 Egypt
1125 1086 1159 1124 V
1195 1085 1334 1124 Under
1358 1085 1519 1124 Roman
1548 1085 1636 1124 rule
1663 1096 1704 1136 p.
1730 1084 1812 1123 490

224 1166 263 1193 n.
279 1154 330 1192 40
354 1152 570 1208 (Seymour
586 1154 636 1192 de
653 1154 762 1193 Ricoi
782 1154 932 1193 Archiv
950 1154 1015 1193 fiir
1036 1153 1449 1206 Papyrusforschung
1463 1153 1499 1192 H
1518 1166 1558 1206 p.
1573 1153 1652 1192 443
1675 1165 1714 1192 n.
1729 1152 1811 1204 64).

342 1265 443 1308 Θεᾶι
467 1266 650 1322 μεγίστηι
666 1261 792 1308 Ἴσιδι
814 1265 1022 1323 Πλουςῑίοι1
1044 1265 1050 1323 Ι
1075 1265 1287 1323 Τιβ(έριος)
1309 1263 1476 1312 Ἰούλιος
1489 1263 1811 1322 Ἀλέξανδρος2,,Ι

340 1334 561 1392 γενάμενος
598 1335 776 1393 ἔπαρχος
813 1335 977 1393 σπείρης
1009 1335 1046 1378 α’
1081 1335 1086 1392 Ι
1127 1335 1370 1389 Φλαουίαςῧ,
1403 1337 1480 1377 τῶν
1513 1333 1815 1391 ἀγορανομηκό-

296 1417 315 1449 5
342 1408 456 1458 των4,
495 1404 506 1461 ΙΙ
542 1407 562 1446 ὁ
601 1404 667 1446 ἐπὶ
708 1410 779 1461 τῆς
819 1405 1067 1461 εὐθ(η)νίας5
1102 1407 1172 1447 τοῦ
1213 1401 1248 1461 β’
1279 1402 1557 1461 γράμματοςθ,
1591 1402 1597 1460 Ι
1637 1402 1704 1446 τὸν
1745 1403 1815 1446 ἀν-

319 1533 474 1565 Litterae
507 1533 722 1568 ΘΘΞΠΟω.
771 1533 836 1565 Hic
868 1533 942 1565 illic
973 1532 1018 1573 (v.
1038 1535 1069 1565 3.
1089 1535 1120 1564 ὅ.
1139 1534 1170 1572 9)
1205 1531 1318 1564 verba
1349 1532 1495 1574 punctis
1527 1530 1678 1572 singulis
1713 1530 1816 1563 disti-

226 1592 369 1623 nentur.
511 1593 523 1621 4
564 1591 630 1622 lsis
663 1599 746 1622 cum
779 1593 895 1622 terrae
930 1590 1196 1622 fecundidatem
1222 1589 1446 1631 uberemque
1471 1589 1650 1630 cuiusque
1673 1588 1815 1630 generis

226 1648 412 1680 fructuum
439 1648 659 1689 proventum
686 1647 771 1679 dare
788 1648 1069 1689 existimaretur,
1104 1647 1312 1688 frequenter
1337 1655 1451 1679 cornu
1475 1646 1603 1688 copiae
1627 1653 1755 1687 gerens
1778 1645 1817 1678 in

225 1705 400 1747 operibus
425 1705 514 1737 artis
546 1705 742 1737 statuariae
773 1704 1123 1746 repraesentabatur.
1173 1703 1222 1736 Cf.
1249 1713 1342 1745 quae
1372 1703 1555 1745 congessit
1584 1702 1640 1736 W.
1665 1702 1816 1735 Drexler

227 1762 326 1804 apud
354 1762 514 1795 Roscher
547 1762 704 1794 Lexikon
735 1761 799 1793 der
831 1770 881 1802 gr.
908 1770 942 1792 u.
969 1764 1059 1793 rom.
1085 1761 1305 1802 Mythologie
1330 1761 1370 1802 II,
1399 1763 1411 1792 4
1450 1769 1484 1802 p.
1503 1762 1581 1793 458.
1630 1759 1679 1792 Cf.
1704 1759 1814 1792 etiam

227 1820 262 1852 C.
282 1821 307 1852 Ι.
325 1819 363 1852 G.
384 1821 513 1861 4925,4
538 1810 638 1851 Ἴσιδι
669 1817 887 1862 καρποτόκῳ.
936 1819 1060 1859 Itaque
1093 1818 1202 1850 etiam
1234 1817 1381 1849 divitiae
1414 1826 1540 1850 omnes
1565 1817 1612 1850 ab
1639 1826 1684 1850 ea
1709 1825 1814 1858 repe-

226 1877 408 1910 tebantur.
524 1880 542 1907 2
574 1876 645 1908 Aut
669 1884 764 1908 unus
789 1885 833 1908 ex
859 1876 1016 1917 posteris
1040 1875 1137 1907 illius
1163 1875 1212 1906 Ti.
1230 1875 1309 1906 Iulii
1335 1874 1538 1916 Alexandri,
1565 1883 1675 1916 quem
1698 1873 1810 1906 habes
1856 1907 1858 1909 ,

226 1944 259 1967 n.
280 1937 357 1975 586,
379 1937 408 1966 6.
435 1937 511 1975 669,
533 1937 562 1975 3,
589 1935 653 1965 aut
677 1934 787 1966 homo
812 1933 908 1966 illius
933 1932 1106 1965 beneficio
1132 1932 1317 1964 civitatem
1342 1931 1538 1963 Romanam
1565 1933 1713 1972 nactus;
1745 1931 1814 1963 hoc
1848 1939 1858 1960 f:

226 1993 412 2033 praestare
437 1991 592 2032 videtur,
619 1991 706 2032 quia
737 1991 869 2032 equitis
886 1990 1036 2022 Romani
1061 1989 1213 2021 illustris
1229 1989 1292 2030 qui
1317 1988 1362 2020 ad
1379 1987 1643 2029 praefecturam
1659 1987 1815 2030 Aegypti
1851 1999 1858 2004 ..

227 2049 442 2090 pervenerat
467 2049 676 2089 progeniem
702 2048 738 2079 in
763 2047 965 2079 honoribus
990 2045 1272 2087 municipalibus
1304 2044 1453 2078 urbium
1484 2045 1581 2078 illius
1605 2045 1815 2087 provinciae
1852 2051 1858 2081 ξ

226 2106 408 2138 versatam
442 2112 521 2136 esse
554 2106 651 2136 certe
683 2113 755 2136 non
788 2104 988 2136 admodum
1017 2103 1206 2144 probabile
1231 2103 1295 2134 est.
1438 2104 1456 2133 3
1492 2101 1540 2134 Cf.
1568 2102 1603 2135 C.
1623 2102 1813 2135 Cichorius
1842 2106 1858 2163 j

227 2172 282 2205 ap.
310 2161 622 2203 Pauly-Wissowa
647 2160 994 2201 Realencyklopadie
1019 2160 1108 2201 1V‚4
1140 2169 1173 2201 p.
1193 2162 1272 2201 285,
1305 2159 1368 2201 qui
1401 2160 1480 2191 iure
1504 2160 1564 2192 hic
1596 2160 1633 2191 in
1662 2167 1813 2192 censum

226 2220 351 2252 venire
375 2219 481 2260 negat
504 2218 582 2250 illas
609 2218 698 2249 duas
724 2218 904 2258 cohortes,
932 2226 1026 2259 quae
1048 2217 1327 2258 appellationem
1353 2214 1487 2249 Prima
1506 2214 1642 2250 Flavia
1664 2215 1819 2258 quidem*

228 2276 416 2319 gesserint,
442 2275 559 2308 sedin
576 2274 693 2306 Africa
715 2276 750 2305 et
772 2274 959 2306 Germania
985 2274 1177 2306 stationem
1204 2273 1407 2315 habuerint,
1434 2274 1497 2306 sed
1522 2274 1599 2306 sine
1623 2273 1736 2306 dubio
1761 2273 1814 2305 in·-
1838 2280 1842 2284 ·

227 2333 464 2376 tellegendam
482 2341 561 2365 esse
579 2332 830 2371 cognominem
850 2333 884 2363 in
902 2332 1040 2364 oriente
1056 2331 1260 2364 tendentem
1280 2331 1328 2371 (C.
1339 2332 1362 2363 I.
1373 2331 1445 2364 Lat.
1457 2332 1602 2373 111,eoo.
1626 2330 1665 2363 R.
1679 2330 1814 2372 Cagnat
1830 2364 1832 2367 ζ

227 2390 379 2423 L'annee
411 2391 523 2432 epigr.
548 2391 635 2421 4897
668 2397 701 2430 p.
722 2388 810 2430 406),
842 2398 935 2429 quae
966 2389 1156 2420 etiamtum
1187 2389 1223 2420 in
1248 2388 1383 2421 Notitia
1415 2388 1631 2428 dignitatum
1656 2379 1832 2420 Orientis

227 2448 386 2488 XXXIV,
412 2449 453 2479 45
491 2446 689 2478 Moleathae
724 2446 760 2477 in
797 2446 900 2486 Syria
938 2446 1138 2478 Palaestina
1177 2446 1211 2477 in
1248 2445 1429 2487 praesidio
1465 2453 1545 2478 esse
1581 2444 1829 2477 scriberetur.¹

227 2507 246 2538 4
279 2505 348 2543 Qui
380 2504 613 2545 magistratus
643 2503 830 2544 liturgicos
860 2503 896 2534 in
930 2502 1085 2535 urbibus
1118 2503 1306 2544 Aegyptiis
1335 2503 1530 2544 gesserant,
1567 2502 1828 2545 Romanorums

227 2563 344 2595 aetate
369 2561 560 2603 participio
597 2560 723 2592 aoristi
759 2561 822 2592 aut
855 2559 1005 2601 perfecti
1043 2560 1098 2591 usi
1137 2560 1172 2591 id
1208 2559 1368 2591 indicare
1405 2558 1581 2601 solebant,
1618 2559 1724 2591 cuius
1759 2559 1820 2590 re*

229 2619 435 2661 exemplum
469 2618 763 2660 antiquissimum
791 2617 824 2649 F.
843 2616 1023 2657 Preisigke
1048 2615 1270 2648 Stadtisohes
1295 2616 1588 2648 Beamtenwesen
1619 2616 1670 2647 im
1699 2615 1826 2649 romi-'1

229 2677 338 2710 schen
373 2677 560 2718 Aegypten
594 2684 628 2716 p.
648 2678 666 2707 5
693 2676 765 2707 not.
785 2677 803 2706 5
837 2682 915 2706 esse
948 2673 1118 2706 observat
1148 2674 1233 2714 Pap.
1257 2672 1366 2705 Lond.
1389 2673 1419 2703 11
1445 2681 1479 2713 p.
1499 2674 1574 2714 465,
1595 2674 1648 2714 48,
1681 2671 1746 2704 ubi
1770 2680 1797 2704 u
1819 2712 1822 2715 .

227 2735 286 2767 hic
312 2734 502 2776 genetivus
528 2733 722 2775 partitivus
747 2732 946 2773 usurpatur
975 2734 1042 2763 τῶν
1067 2727 1456 2776 γεγυμνασιαρχηκότων
1476 2729 1516 2770 (a.
1536 2731 1576 2760 4ο
1604 2738 1635 2761 a.
1654 2729 1735 2762 Chr.
1753 2727 1799 2770 n.)

227 2791 498 2833 Agoranomum
530 2799 616 2823 vero
647 2791 683 2822 in
710 2789 836 2822 ordine
866 2789 998 2821 horum
1025 2788 1303 2830 magistratuum
1334 2787 1502 2828 quintum
1536 2787 1658 2819 locum
1689 2787 1770 2818 tene
1805 2781 1808 2782 ⁷

229 2851 312 2891 post
336 2846 585 2895 γυμνασίαρχον
612 2848 667 2890 (4),
705 2845 872 2892 ἐξηγητὴν
898 2846 952 2888 (2),
988 2843 1167 2890 ’κοσμητὴν
1193 2843 1248 2887 (3),
1285 2841 1447 2889 ἀρχιερέα
1472 2844 1514 2885 (4)
1549 2842 1796 2876 demonstravi

228 2906 323 2938 idem
349 2915 383 2948 p.
405 2908 458 2938 34.
575 2909 593 2937 5
627 2905 868 2938 ΘΥΘΥΝΙΑΟ.
909 2903 1009 2936 Idem
1034 2903 1267 2944 magistratus
1292 2900 1376 2933 alibi
1401 2898 1631 2948 ⁵¹3‚3⁷]V²dPX‘'10
1655 2899 1798 2942 appella
