1858 3126
35 163 116 206 4⁶8]
497 158 736 192 Proconsules
760 157 968 200 principatu
991 156 1157 198 Augusti.
1561 154 1614 194 67

35 300 85 334 Cf.
117 309 151 333 u.
178 300 255 342 ¹0⁸0,
277 301 321 332 ⁴2
350 297 414 331 ubi
445 298 538 330 inter
567 295 749 338 permulta
781 294 947 336 exempla
977 293 1112 326 decreti
1143 293 1187 326 de
1217 292 1420 326 honoribus
1450 291 1616 334 Augusti,

34 366 129 400 quae
154 363 416 399 usquequaque
440 363 505 397 per
530 353 659 387 orbem
683 354 863 385 terrarum
880 351 1049 384 collocari
1074 350 1258 394 iubentur,
1282 351 1401 393 primo
1419 350 1500 383 loco
1517 357 1617 383 com-

35 415 260 448 memoratur
292 412 381 446 illud
411 411 511 455 quod
541 410 652 444 statui
681 409 790 443 debet
819 406 866 451 [ἐν
892 408 942 453 τῷ
963 408 1037 452 ναῷ
1060 406 1110 453 τῷ
1135 405 1478 453 κατασ]κευαζομένφ
1505 404 1620 452 α[ὐ]τῷ

36 469 101 504 ὑπὸ
124 474 187 517 τῆς
211 467 318 508 Ἀσίας
342 468 377 504 ἐν
401 467 584 515 Περγάμῳ.

118 646 206 690 467
249 649 364 689 Basis
394 647 611 687 marmoris
640 646 825 697 caerulei,
856 645 1057 697 Mytilenis
1088 646 1205 683 extra
1224 654 1376 683 novam
1395 644 1621 683 Turcarum

37 716 231 759 scholam.
283 717 355 757 Ed.
386 718 451 756 W.
474 716 521 756 R.
544 717 675 756 Paton
704 715 827 754 Inscr.
851 725 911 766 gr.
932 725 1035 753 mar.
1058 712 1154 764 Aeg.
1178 713 1212 751 11
1241 724 1281 765 p.
1307 712 1360 751 60
1392 723 1431 751 n.
1455 712 1553 752 2⁴9.

141 827 190 873 Ὁ
228 831 353 886 δᾶμος
393 829 399 885 l
439 828 607 871 Λεύκιον
645 826 927 883 Καλπούρνιον
967 825 972 882 Ι
1015 824 1229 868 Πείσωνα1
1270 823 1468 881 αὔγουρα,
1507 824 1513 879 Ι
1554 823 1621 866 τὸν

106 910 126 942 5
156 899 383 941 ἀνθύπατον
414 897 482 940 καὶ
511 895 524 954 ΙΙ
555 895 623 939 διὰ
655 897 858 952 προγόνων
890 894 1112 951 edepl-strom
1142 896 1213 942 τᾶς
1241 894 1392 941 πόλιος.

130 1027 283 1060 Litterae
307 1026 479 1067 ΑΘΠΡΣ,
505 1025 652 1057 ornatae
669 1023 846 1066 apicibus.
956 1025 969 1054 4
1001 1022 1037 1055 L.
1055 1021 1239 1064 Calpurnii
1257 1021 1399 1054 Pisonis
1417 1021 1622 1063 cuiuspiam

38 1084 112 1117 duo
137 1084 279 1117 exstant
302 1083 445 1126 praeter
477 1082 546 1115 hoc
577 1082 812 1114 monumenta
843 1080 1036 1113 honoraria
1066 1080 1160 1112 intra
1185 1078 1394 1120 provinciae
1417 1078 1522 1111 Asiae
1553 1079 1623 1111 ter-

39 1142 159 1175 minos
183 1141 337 1183 reperta,
362 1140 517 1172 alterum
541 1138 706 1180 Pergami
729 1138 878 1170 Alterth.
903 1147 936 1169 v.
963 1138 1164 1178 Pergamon
1180 1135 1270 1178 VIII,
1296 1138 1315 1167 2
1342 1144 1376 1178 p.
1395 1138 1460 1168 293
1488 1145 1521 1168 n.
1541 1137 1622 1167 425:

40 1197 58 1232 ὁ
83 1197 194 1244 δῆμος
210 1195 380 1240 [Aah-mov
397 1193 637 1241 Καλπούρνιον
655 1192 801 1236 Πίσωνα,
828 1193 906 1236 [τ]ὸν
933 1192 987 1226 διὰ
1011 1191 1186 1238 προγόνων
1203 1191 1380 1236 εὐεργέτην
1397 1194 1460 1235 τῆς
1477 1190 1623 1233 πόλεως,

40 1256 194 1289 alterum
218 1255 463 1288 Stratoniceae
487 1253 576 1286 Bull.
594 1252 638 1285 de
663 1261 755 1285 corr.
773 1251 860 1284 Hell.
878 1250 908 1282 V
932 1252 1014 1282 4884
1047 1258 1081 1292 p.
1099 1252 1182 1283 483:
1216 1246 1360 1283 Λεύκιον
1387 1244 1624 1294 Καλπούρνιον

40 1309 187 1355 Πίσωνα,
219 1311 275 1344 τὸν
308 1309 468 1357 πάτρωνα
499 1308 557 1343 καὶ
588 1307 767 1354 εὐεργέτην
799 1307 853 1340 διὰ
881 1306 1056 1353 προγόνων
1089 1309 1152 1350 τῆς
1187 1305 1320 1343 πόλεως
1355 1303 1468 1350 ἡμῶν.
1524 1306 1623 1344 Quos

19 1370 166 1413 ,titulos
191 1377 335 1402 summa
359 1377 444 1401 cum
469 1365 726 1409 probabilitate
751 1365 795 1398 ad
819 1364 1075 1407 proconsulem
1092 1364 1197 1397 Asiae
1222 1363 1440 1396 rettulerunt
1463 1362 1623 1396 editores

41 1435 178 1469 eosque
201 1427 348 1459 secutus
373 1425 410 1458 E.
428 1424 537 1457 Klebs
553 1423 868 1465 Prosopographia
886 1421 1094 1464 impdtom.
1114 1422 1126 1453 1
1152 1430 1187 1463 p.
1206 1423 1271 1454 288
1297 1429 1330 1454 n.
1349 1422 1427 1463 234,
1452 1419 1516 1453 sed
1540 1421 1623 1462 quis

40 1485 272 1527 potissimum
298 1483 357 1515 hic
380 1482 461 1515 Piso
486 1483 582 1514 esset
605 1480 749 1513 latebat.
790 1480 865 1513 Iam
890 1479 1016 1511 titulus
1040 1478 1277 1520 Mytilenaeas
1302 1486 1373 1510 non
1399 1477 1509 1511 modo
1534 1477 1624 1511 illud

39 1541 142 1584 quod
166 1542 222 1574 est
244 1540 289 1573 de
312 1539 571 1582 proconsulatu
587 1537 787 1579 confirmat,
812 1536 876 1569 sed
892 1537 1002 1569 etiam
1019 1535 1189 1569 adiuncto
1215 1533 1365 1580 αὔγουρα
1388 1535 1623 1577 demonstrat,

41 1598 229 1632 consulem
253 1597 367 1631 annii
391 1605 422 1630 a.
440 1594 524 1630 Ohr.
541 1604 575 1628 n.
601 1594 881 1636 intellegendum
905 1601 994 1626 esse.
1035 1592 1151 1631 Quem
1169 1601 1235 1635 pro
1254 1601 1359 1625 more
1382 1592 1478 1624 illius
1495 1593 1625 1625 aetatis

41 1655 116 1688 fere
144 1663 237 1688 anno
263 1656 304 1686 40
331 1662 366 1696 p.
389 1653 470 1686 Chr.
496 1662 528 1685 n.
555 1652 600 1685 ad
630 1651 927 1694 proconsulatum
958 1650 1063 1683 Asiae
1094 1649 1304 1692 pervenisse
1336 1649 1527 1691 probabile
1558 1650 1624 1682 est.

42 1712 170 1745 Postea
198 1711 349 1744 Romam
385 1710 499 1743 redux
523 1710 834 1742 commemoratur
857 1709 893 1740 in
932 1707 1042 1740 rebus
1075 1715 1253 1740 annorum
1285 1709 1339 1739 46.
1366 1709 1420 1739 20.
1446 1709 1488 1738 22
1527 1706 1624 1748 apud

42 1769 204 1803 Tacitum
229 1769 318 1801 Anu.
341 1768 381 1810 11,
409 1769 463 1800 32.
492 1768 544 1799 34.
581 1766 638 1807 ΙΙΙ,
666 1768 719 1799 44.
745 1768 798 1798 68.
846 1764 943 1797 Obiit
967 1766 1007 1796 24
1035 1773 1070 1806 p.
1094 1764 1175 1796 Chr.
1201 1773 1234 1796 n.
1261 1763 1352 1804 (Tac.
1376 1764 1465 1796 Anu.
1484 1763 1540 1804 IV,
1559 1764 1625 1804 24).

43 1825 93 1860 Cf.
117 1826 156 1859 E.
173 1825 281 1859 Klebs
304 1824 618 1866 Prosopographia
642 1823 787 1865 imperii
811 1822 965 1855 Romani
990 1822 1004 1853 I
1029 1830 1063 1863 p.
1084 1823 1149 1853 289.
1175 1830 1208 1853 n.
1227 1823 1304 1852 233.

130 1999 219 2044 468
262 2003 376 2042 Basis
402 2002 618 2041 marmoris
638 2000 874 2053 leucophaei
894 1999 1144 2040 subcaerulei
1164 1997 1419 2038 inaedificata
1438 1998 1627 2050 Pergami

45 2073 87 2111 in
114 2072 238 2112 domo
266 2071 429 2124 privata
458 2071 637 2110 Turcica.
660 2106 664 2110 .
690 2070 762 2110 Ed.
793 2070 843 2109 Μ.
867 2069 1037 2108 Frankel
1067 2067 1341 2108 Alterthiimer
1370 2078 1453 2107 von
1475 2068 1627 2119 Perga-

45 2152 143 2180 mon
162 2141 264 2192 vm,
284 2140 310 2181 9.
341 2153 381 2193 p.
405 2140 486 2180 294
518 2151 558 2178 n.
584 2138 677 2179 427.

153 2248 200 2294 ‘O
231 2253 357 2307 δῆμος
387 2250 623 2306 ἐτεῆμησεν]
655 2250 660 2306 1
695 2249 856 2292 Νωνίαν
879 2249 1055 2305 Πόλλ[αν
1083 2253 1154 2305 τῆς
1185 2248 1241 2304 τε]
1274 2248 1280 2305 l
1313 2247 1439 2304 ἄλλης
1471 2248 1629 2304 ἀρε[τῆς

118 2330 138 2362 5
165 2318 233 2362 καὶ
267 2320 353 2376 τῆς]
385 2319 390 2376 Ι
423 2317 492 2361 διὰ
530 2318 597 2362 τὸν
636 2317 704 2361 ὑὸν
741 2318 938 2373 Medum)
977 2316 1294 2374 [ΟὖολοόσᾙΙσιον
1333 2317 1588 2374 Σατορνῖν[ον
1601 2318 1627 2370 ¹,

95 2420 98 2422 -
161 2387 228 2429 τὸν
260 2388 513 2442 ἆνθόᾙπατον
525 2389 554 2441 ²,
587 2387 804 2442 εὖτεκνί[ας
835 2388 967 2442 ἕνεκα]
979 2390 1007 2429 3.

140 2515 294 2548 Litterae
320 2514 449 2548 ΗΠΡΣ.
497 2512 590 2558 ἄλφα
614 2514 830 2557 plerumque
858 2515 1043 2556 volgarem
1074 2513 1228 2546 formam
1258 2513 1378 2556 habet,
1410 2513 1475 2546 sed
1498 2522 1532 2545 v.
1551 2515 1569 2544 2
1601 2514 1629 2544 Α

49 2572 116 2605 est.
163 2572 257 2604 Infra
279 2573 507 2614 postremum
526 2579 676 2604 versum
699 2571 903 2613 paullulum
927 2571 973 2604 ad
998 2571 1160 2604 dextram
1187 2581 1208 2604 a
1232 2571 1350 2603 media
1374 2570 1503 2612 lapidis
1528 2570 1631 2611 parte

49 2628 189 2662 litterae
224 2630 297 2671 ΡΘ,
329 2637 420 2671 quas
452 2638 525 2662 non
555 2628 601 2661 ad
631 2629 729 2661 hunc
759 2628 907 2661 titulum
938 2630 1113 2671 spectare,
1146 2630 1188 2661 ut
1218 2628 1460 2660 centesimum
1492 2634 1630 2659 nonum

50 2686 172 2720 nescio
209 2686 313 2718 cuius
349 2694 453 2718 aerae
489 2695 623 2719 annum
659 2685 827 2728 indIcent‚
864 2685 929 2719 sed
962 2685 1082 2728 lapide
1117 2686 1153 2718 in
1186 2685 1299 2718 alium
1329 2693 1438 2716 usum
1469 2691 1576 2715 verso
1610 2690 1630 2712 a

50 2741 214 2784 lapicidis
254 2743 301 2776 ad
333 2744 538 2785 posituram
573 2743 735 2786 lapidum
771 2743 1005 2776 ,indicandam
1047 2743 1179 2776 incisas
1219 2751 1299 2775 esse
1341 2739 1530 2783 probabile
1565 2739 1630 2770 est.

52 2801 68 2830 4
103 2799 141 2832 1..
165 2799 359 2832 Volusium
390 2801 622 2834 Saturninum
655 2809 720 2833 cos
746 2803 763 2831 3
789 2809 824 2842 p.
849 2800 931 2833 Chr.
956 2810 990 2832 n.
1020 2801 1080 2832 hic
1110 2800 1212 2832 innui
1247 2798 1406 2831 maxime
1443 2793 1631 2837 probabile

53 2854 189 2889 iudicat
218 2857 374 2900 Frankel,
408 2858 514 2900 eique
546 2858 743 2891 assentitur
770 2857 810 2891 H.
828 2858 966 2890 Dessau
998 2855 1315 2898 Prosopographia
1346 2854 1433 2894 imp.
1459 2851 1560 2884 Rom.
1584 2850 1632 2882 111

53 2920 91 2953 p.
108 2914 173 2944 483
198 2916 329 2948 useel.
367 2913 532 2957 Namque
555 2915 742 2948 consulem
767 2914 990 2947 ordinarium
1016 2914 1099 2946 anni
1117 2915 1159 2945 87
1178 2921 1212 2954 p.
1231 2911 1311 2943 Chr.
1337 2910 1397 2942 hic
1420 2909 1457 2940 in
1481 2915 1631 2940 censum

1313 2975 1356 3008 5*
