1858 3126
211 139 293 180 388
390 137 479 169 VIII.
516 136 663 177 Imperii
686 135 836 168 Romani
861 135 1070 178 provinciae
1094 135 1296 167 orientales.
1344 137 1375 167 9.
1400 135 1598 178 Aegyptus.
1711 135 1789 178 [66⁹

210 277 270 315 ed.
305 274 482 314 Hoskins
514 275 614 313 Visit
643 277 685 313 to
715 273 785 313 the
816 273 938 312 Great
968 273 1097 323 Oasis,
1134 273 1303 312 London
1335 272 1459 325 4837,
1498 285 1538 325 p.
1563 273 1788 312 304-344

210 356 302 383 cum
332 343 438 382 notis
460 342 666 381 Letronnii
686 344 726 380 et
746 342 918 393 Youngii
949 342 995 393 (J.
1014 342 1145 380 Franz
1167 340 1208 380 C.
1226 341 1253 379 Ι.
1273 341 1318 380 G.
1343 338 1481 394 4957).
1532 341 1655 380 Bailie
1675 342 1788 381 Fasc.

209 413 327 451 inscr.
350 411 402 450 III
432 423 472 463 p.
497 410 578 450 322
613 409 757 461 (Franz
788 409 829 449 C.
852 410 881 448 I.
906 409 950 449 G.
979 410 1063 448 Vol.
1089 409 1140 447 111
1170 409 1269 448 Add.
1303 421 1342 461 p.
1370 407 1523 462 4236).=
1561 409 1661 449 Cum
1689 409 1791 449 haec

210 480 346 519 omnia
381 479 568 530 exempla
597 490 679 517 non
708 490 791 517 uno
828 479 990 517 nomine
1027 489 1171 516 manca
1210 481 1250 516 et
1279 478 1432 517 incerta
1462 481 1609 529 essent,
1649 477 1790 517 Moritz

209 548 432 600 professor,
464 547 693 599 praefectus
723 546 990 586 bibliothecae
1019 546 1214 598 principis
1234 546 1419 598 Aegypti,
1451 557 1543 585 cum
1567 544 1689 585 Oasin
1719 546 1791 585 ad-

207 618 333 668 iisset,
379 617 597 667 imaginem
645 614 977 667 photographam
1025 615 1196 654 confecit
1242 615 1407 666 eiusque
1451 625 1529 666 ope
1572 625 1654 653 una
1699 625 1791 653 cum

209 698 247 725 v.
271 685 431 735 Bissing
460 685 550 723 viro
581 684 814 723 doctissimo
836 683 1053 723 emendare
1084 685 1123 722 et
1143 684 1332 735 supplere
1361 683 1522 722 titulum
1542 685 1710 722 conatus
1731 684 1793 721 est

211 753 439 792 felicissimo
485 763 693 801 successu;
731 753 788 790 ita
825 753 951 790 multo
989 752 1146 803 plenius
1182 754 1223 790 et
1259 751 1339 790 fide
1375 751 1533 803 dignius
1570 751 1694 790 totius
1730 751 1792 788 in-

210 822 439 873 scriptionis
479 821 712 872 exemplum
752 822 967 872 proposuit
1003 833 1042 859 v.
1071 820 1229 870 Bissing
1271 820 1328 857 La
1364 820 1518 871 grande
1553 819 1791 871 inscription

208 901 383 941 grecque
424 890 475 927 de
514 888 720 940 Khargeh.
779 888 1125 928 Communication
1162 888 1257 927 faite
1294 888 1318 926 a
1357 884 1548 927 l’Institut
1590 878 1790 939 Egyptian

210 959 310 997 dans
339 959 379 996 la
409 958 552 996 seance
585 958 640 996 du
663 957 727 996 44.
750 957 913 996 Janvier
937 957 1059 996 4904.
1110 957 1278 1008 Egregie
1310 957 1358 995 de
1387 957 1501 995 titulo
1532 955 1700 995 meritus
1730 957 1792 995 est

211 1027 421 1067 Udalricus
447 1025 642 1076 Wilcken,
682 1037 774 1064 cum
803 1026 982 1077 primum
1013 1025 1176 1077 quidem
1206 1025 1385 1064 breviter
1413 1025 1463 1064 de
1492 1024 1677 1075 Bissingii
1708 1024 1792 1064 edi—

208 1096 319 1134 tione
355 1093 525 1132 referret
566 1092 717 1132 Archiv
753 1093 820 1132 fiir
853 1092 1264 1145 Papyrusforschung
1298 1093 1333 1132 Π
1369 1105 1409 1145 p.
1441 1091 1513 1131 474
1537 1104 1625 1144 sqq.
1664 1096 1704 1132 et
1740 1092 1790 1132 de

210 1165 364 1214 aliquot
392 1162 489 1200 locis
521 1171 616 1199 suas
638 1161 944 1200 observationes
964 1161 1113 1213 publici
1133 1162 1231 1200 iuris
1252 1161 1416 1212 faceret,
1447 1161 1591 1200 deinde
1611 1163 1652 1200 et
1671 1171 1791 1199 suum

209 1231 329 1270 libelli
351 1229 591 1280 Bissingiani
619 1231 864 1280 exemplum,
897 1230 1009 1269 cuius
1040 1230 1212 1281 margini
1240 1231 1359 1269 notas
1389 1229 1520 1268 bonae
1549 1229 1676 1280 frugis
1704 1230 1791 1281 ple-

210 1300 400 1339 nissimas
432 1298 689 1348 ascripserat,
721 1299 761 1336 et
786 1297 917 1349 ipsam
938 1297 1282 1350 photographiam
1303 1309 1328 1336 a
1347 1298 1545 1350 Bissingio
1561 1297 1637 1337 sibi
1656 1301 1791 1337 trans-

211 1369 379 1407 missam
428 1367 493 1405 illo
538 1365 825 1415 benignissime
867 1367 1126 1417 permittente
1170 1366 1268 1405 mihi
1307 1367 1503 1406 utendam
1538 1367 1790 1418 concederet,

212 1436 385 1487 denique
415 1435 564 1473 multos
593 1434 697 1472 tituli
727 1434 838 1472 locos
867 1434 1086 1473 illustraret
1115 1447 1207 1473 cum
1237 1435 1330 1473 alibi
1359 1435 1513 1487 passim
1542 1439 1630 1474 tum
1655 1434 1791 1473 multi-

212 1505 356 1543 farIam
392 1514 466 1554 per
503 1505 635 1541 totum
674 1502 823 1540 librum
860 1503 1066 1553 egregium
1104 1514 1184 1554 quo
1219 1507 1344 1543 testas
1381 1504 1532 1543 Graece
1575 1503 1791 1555 inscriptas

210 1572 382 1623 Aegypti
427 1570 553 1609 edidit
597 1572 636 1608 et
681 1570 969 1622 interpretatus
1014 1574 1087 1621 est,
1133 1583 1235 1622 quos
1279 1573 1389 1612 locos
1424 1573 1465 1611 in
1502 1571 1791 1611 commentario

211 1639 440 1693 singillatim
470 1638 646 1677 indicavi
669 1638 831 1689 (Versus
856 1638 962 1676 4-4
998 1643 1037 1678 et
1070 1639 1234 1678 45-26
1268 1652 1319 1679 ex
1349 1640 1528 1693 Corpore
1558 1639 1791 1692 Inscriptio-

211 1721 310 1748 num
340 1706 522 1758 excerpti
554 1705 797 1745 exhibentur
827 1717 892 1758 ap.
923 1707 1054 1746 Bruns
1086 1708 1232 1747 Fontes
1262 1709 1361 1748 iuris
1390 1709 1507 1748 Rom.
1529 1712 1612 1748 ant.
1643 1721 1684 1761 p.
1707 1708 1788 1749 234

210 1790 252 1816 n.
273 1778 340 1827 69,
371 1776 441 1814 ubi
462 1774 688 1813 afferuntur
707 1773 819 1812 haud
838 1785 994 1825 paucae
1014 1775 1112 1814 iuris
1134 1777 1410 1816 consultorum
1432 1777 1791 1816 commentationes

212 1846 266 1884 ad
297 1846 582 1896 argumentum
613 1843 731 1881 edicti
762 1842 1018 1894 spectantes).

285 1964 494 2013 ΙἸοόλιος
530 1966 770 2021 Δημήτριος,
817 1964 1034 2021 στρατηγὸς
1069 1962 1255 2013 Ὀάσεως
1294 1964 1542 2022 Θηβαΐδοςῑ·
1579 1969 1651 2008 τοῦ
1691 1983 1790 2022 πεμ-

330 2035 501 2091 φθέντος
538 2050 606 2088 μοι
645 2031 916 2089 διατάγματος
953 2032 1027 2075 ὑπὸ
1062 2036 1132 2076 τοῦ
1170 2034 1308 2089 κυρίου
1343 2035 1536 2090 ἡγεμόνος
1569 2034 1575 2091 Ι
1606 2033 1791 2092 Τιβερίου

323 2101 493 2144 Ἰουλίου
521 2099 806 2158 Ἀλεξάνδρουῖ
834 2101 877 2143 τὸ
911 2101 1150 2158 ἀντίγραφον
1182 2101 1323 2157 ὑμεῖν3
1354 2102 1539 2157 ὑπέταξα,
1571 2100 1618 2145 ἵν’
1642 2104 1791 2150 εἰδότες

306 2253 460 2284 Litterae
491 2242 853 2284 ᾸΖΘΚΚΞΠΕΥΤω.
909 2251 1038 2283 Hastae
1067 2250 1256 2283 verticales
1295 2250 1557 2284 elementorum
1590 2248 1651 2292 ΦῨ
1680 2253 1717 2284 et
1745 2251 1791 2284 ab

214 2310 384 2343 inferiore
408 2310 444 2340 et
469 2317 489 2340 a
513 2307 702 2349 superiore
727 2308 830 2348 parte
855 2307 1011 2340 multum
1035 2306 1131 2339 ultra
1152 2307 1378 2349 reliquorum
1395 2308 1621 2341 altitudinem
1646 2308 1792 2350 prolon-

214 2368 327 2407 gatae.
369 2366 511 2397 Primus
528 2372 654 2396 versus
674 2363 802 2396 litteris
819 2363 1020 2396 maioribus
1038 2365 1217 2396 exaratus.
1258 2363 1446 2397 Nonnullis
1461 2365 1550 2398 locis
1567 2365 1791 2407 singularum

213 2423 416 2454 litterarum
442 2421 558 2462 spatia
575 2429 689 2452 vacua
714 2420 848 2453 relicta.
891 2421 989 2459 Quae
1017 2421 1053 2453 in
1070 2421 1335 2463 photographia
1360 2421 1527 2454 distincte
1550 2421 1793 2463 dispiciuntur

214 2486 380 2520 quaeque
404 2486 425 2509 a
449 2477 625 2518 Bissingio
658 2476 707 2508 ita
738 2476 966 2519 exhibentur,
999 2479 1038 2509 ut
1074 2486 1118 2510 ne
1150 2478 1357 2510 levissimus
1392 2477 1540 2519 quidem
1576 2477 1792 2511 dubitationi

214 2536 316 2568 locus
348 2534 584 2575 relinquatur,
618 2534 670 2565 eis
705 2533 869 2574 priorum
900 2535 1082 2567 editorum
1113 2535 1285 2567 lectiones
1318 2535 1439 2567 minus
1470 2534 1595 2577 plenas
1624 2535 1792 2568 minusve

214 2594 400 2626 accuratas
425 2590 605 2623 ascribere
629 2598 701 2621 non
725 2590 932 2622 existimavi
956 2599 1049 2632 opus
1067 2599 1156 2623 esse.
1275 2594 1288 2623 4
1326 2591 1368 2624 Ut
1390 2601 1425 2625 n.
1444 2593 1521 2636 665,
1545 2592 1595 2624 ita
1618 2591 1678 2624 hie
1701 2600 1793 2634 quo-

214 2659 285 2693 que
309 2649 428 2692 primo
453 2648 534 2680 loco
561 2647 597 2688 (1)
623 2646 761 2679 litterae
796 2648 942 2688 strategi
970 2647 1101 2679 Oaseos
1126 2648 1260 2680 incisae
1283 2650 1378 2690 sunt,
1411 2648 1545 2690 quibus
1569 2656 1608 2681 se
1631 2648 1792 2682 edictum

215 2707 385 2750 praefecti
421 2714 506 2738 cum
542 2704 672 2737 incolis
707 2704 808 2736 nomi
845 2704 1115 2736 communicare
1150 2704 1360 2746 profitetur;
1397 2705 1525 2738 deinde
1561 2704 1792 2747 subiungitur

214 2765 374 2798 edictum
398 2763 520 2804 ipsum
547 2761 609 2802 (ΙΙ).
658 2760 698 2793 Id
721 2769 868 2802 quoque
893 2759 1092 2802 utrobique
1116 2769 1230 2802 aeque
1254 2769 1325 2793 usu
1349 2762 1458 2804 venit,
1490 2763 1534 2794 ut
1557 2762 1703 2803 strategi
1727 2770 1791 2794 no-

216 2830 299 2854 men
329 2819 467 2853 nudum
497 2817 767 2860 praescribatur
798 2818 896 2850 nullo
929 2817 1050 2850 addito
1081 2817 1195 2850 verbo
1228 2817 1339 2850 finito.
1463 2820 1483 2849 2
1516 2818 1565 2850 Cf.
1595 2817 1636 2851 Η.
1653 2819 1791 2851 Dessau

216 2876 552 2920 Prosopographiae
587 2875 673 2916 imp.
706 2875 806 2907 Rom.
838 2874 867 2906 ΙΙ
904 2883 937 2916 p.
965 2876 1030 2906 464
1062 2883 1096 2907 n.
1121 2876 1175 2907 92.
1234 2874 1342 2907 Filius
1377 2876 1455 2907 erat
1489 2874 1691 2917 Alexandri,
1726 2875 1858 3126 quid
