1858 3126
165 125 248 167 728

239 264 420 296 Generum
443 261 549 295 verbi
572 261 843 295 vicissitudines

303 335 332 364 4.
364 331 536 365 Activum
561 332 598 364 et
621 330 783 364 medium

163 386 197 421 οἳ
229 387 314 433 ἦσαν
347 386 398 426 ε’ίς
427 399 464 421 τε
495 387 539 421 τὰ
572 386 644 434 ἱεροὶ
675 386 734 421 καὶ
769 386 847 425 τοὺς
884 386 918 420 ἐν

208 443 370 491 Αἰγύπτῳ
405 447 648 482 κατοικοῦντας
682 443 796 478 πολλὰ
829 443 921 478 κακὰ

209 500 502 547 συντετελεσμένοι
519 503 637 545 90,23.
679 501 712 535 οἱ
735 500 798 546 τὴν
824 500 920 535 σι’)νο-

209 558 266 592 δον
290 558 529 604 συνεσταμένοι
555 554 632 602 111,
652 566 706 592 25.
751 557 815 603 τὴν
839 557 920 603 ἡμί-

209 627 299 649 σειαν
331 616 466 650 πάντων
501 621 568 650 τῶν
605 616 681 662 παρ’
711 615 827 654 αὐτοῖς
862 616 920 650 καὶ

208 672 319 707 αὐτῶν
344 672 555 719 έμερισάμην
584 674 659 717 199,
678 681 709 708 4.
757 671 920 712 ἀπελεξά-

209 742 277 775 μην
313 729 454 776 ἐμαυτῷ
488 730 567 769 τούς
602 743 638 764 τε
674 730 771 768 νέους
807 729 918 764 αὐτῶν

206 786 265 820 καὶ
296 791 460 833 γυναῖκας
491 788 549 822 καὶ
581 790 690 822 πᾶσαν
721 788 783 834 τὴν
808 786 919 833 ὑπάρ-

206 855 334 891 χουσαν
367 844 483 882 αὐτοῖς
510 849 628 890 κτῆσιν
656 845 800 888 199,17.
849 844 919 879 δια-

206 900 426 946 πεμπόμενος
449 902 589 944 199,35.
621 905 681 936 τοῦ
703 902 766 947 τὴν
788 900 920 948 Αἴγυπ-

206 969 263 992 τον
295 958 598 1004 καταστησαμένου
623 960 719 1003 90,1.
772 959 816 993 τὰ
846 958 920 1004 ἱερὰ

205 1015 484 1060 καταστήσασθαι
509 1017 629 1058 9Ο,11.
676 1016 777 1050 πέντε
801 1016 919 1053 πόλεις

205 1091 253 1097 -
275 1072 553 1118 καταλαβόμενος
577 1074 656 1117 654,
673 1081 701 1107 5.
746 1072 918 1119 Αὐρήλιος

206 1127 387 1175 Βησαρίων
400 1148 446 1156 -
458 1130 728 1177 παραγγέλλεται
747 1133 830 1164 πᾶσι
847 1134 917 1168 τοῖς

205 1186 427 1232 κεκτημένοις
456 1187 595 1235 χοίρους
626 1189 704 1232 210,
728 1197 757 1223 5.
805 1187 918 1234 ὀρθῶς

207 1241 265 1277 οὖν
295 1243 373 1278 καθ’
403 1243 594 1291 ὑπερβολὴν
626 1245 739 1279 διίστω
769 1246 915 1289 315,15.

207 1300 448 1347 παρεστήξεται
472 1302 527 1346 90,
545 1310 584 1337 39

288 1378 318 1408 2.
343 1377 513 1410 Activum
539 1379 575 1410 et
600 1379 788 1420 passiv'um

157 1429 391 1478 ἀναχωρήθην
417 1434 495 1478 201,
513 1442 529 1468 9

289 1504 319 1534 3.
350 1503 507 1536 Medium
535 1505 571 1536 et
595 1504 784 1546 passivum

156 1556 307 1603 ἐγενήθη
325 1559 380 1602 56,
394 1567 445 1592 57.
458 1566 511 1594 58.
547 1559 778 1606 παρεγενέθην
797 1560 913 1604 758,1.

203 1614 418 1661 παρεγενήθη
432 1617 487 1659 70,
498 1622 551 1651 28.
583 1617 622 1651 τὸ
637 1616 780 1663 γενηθέν
795 1618 913 1661 46,17.

202 1671 259 1706 ἐπὶ
284 1678 480 1720 συναγωγῆς
503 1677 565 1719 τῆς
588 1672 790 1720 γενηθείσης
809 1675 912 1718 737,2

155 1727 384 1775 ἀποκριθῆναι
408 1730 487 1773 441,
503 1737 547 1764 67

156 1785 426 1831 πραγματευθεὶς
459 1787 496 1821 δὲ
530 1787 588 1821 καὶ
619 1787 712 1832 παρὰ
743 1787 914 1833 Στράτωνι

201 1843 251 1887 τῷ
268 1844 445 1890 στρατηγῷ
460 1847 521 1889 τῆς
538 1843 755 1892 Χερρονήσου
782 1846 860 1888 339,
873 1853 912 1879 12

157 1897 350 1945 ἐκαθέσθην
376 1902 453 1945 201,
470 1910 499 1940 5.
547 1901 759 1947 καθεσθῆναι
778 1902 855 1946 201,
872 1910 911 1938 2ο

157 1954 258 1994 αὐτός
281 1968 317 1990 τε
342 1957 543 1998 ἀντετάξατο
575 1959 658 2004 πρὸς
682 1959 762 1997 τοὺς
788 1959 914 2006 βαρβά-

202 2024 280 2057 ρους
306 2014 452 2058 765,16.
503 2019 576 2054 τοῖς
604 2028 640 2050 τε
666 2014 833 2055 Γαλάταις
857 2016 914 2051 ἀν-

202 2068 321 2113 δρείως
346 2071 592 2119 ἀντιταχθῆναι
618 2074 695 2116 765,
717 2080 755 2106 37

155 2126 235 2164 τοὺς
261 2127 520 2172 διαλεξομένους
541 2129 749 2172 229,21.22.
790 2128 913 2168 οἵτινες
988 2146 996 2154 ·

202 2203 248 2208 -
273 2183 531 2231 διαλεγήσονται
555 2186 632 2228 229,
648 2192 702 2220 25.
717 2192 757 2220 26

203 2260 233 2292 4.
269 2260 450 2303 Activum,
476 2261 651 2304 medium,
677 2262 868 2303 passivum

155 2314 402 2362 προνοείτωσαν
422 2318 590 2361 441,140.
631 2323 784 2364 προνοῶν
811 2316 828 2351 ὁ
854 2318 913 2362 δῆ-

203 2385 265 2416 μος
282 2372 366 2419 ὑπὲρ
388 2373 547 2408 ἁπάντων
571 2375 713 2417 229,89.
754 2372 792 2408 ἵν’
813 2374 912 2412 εἰδὼς

199 2447 246 2453 ——
281 2430 457 2476 προνοήσῃ
499 2431 581 2474 736,
611 2438 661 2465 18.
726 2435 914 2477 προνοῆσαι

200 2487 279 2529 458,
303 2494 355 2520 64.
389 2487 536 2530 595,12.
575 2506 622 2512 —
663 2487 912 2532 προνοούμενος

201 2542 382 2588 θεραπείας
411 2555 447 2576 τε
479 2544 537 2577 καὶ
569 2544 700 2588 κόσμου
726 2543 912 2589 πρέποντος

203 2600 377 2644 383,130.
437 2599 512 2635 ἀνθ’
549 2602 595 2635 ὧν
632 2605 699 2634 τῶν
738 2599 912 2647 δημοσίων

201 2657 307 2704 ἔργων
341 2657 427 2703 μετὰ
457 2656 652 2702 ἐπιμελείας
681 2657 912 2703 προενοήσατο

201 2715 279 2758 495,
306 2722 358 2750 2ο.
410 2734 453 2740 -
502 2714 719 2761 προενοήθην
753 2715 831 2758 383,
859 2721 912 2750 39.

200 2771 398 2818 προενοήθη
427 2773 482 2816 90,
501 2778 553 2807 20.
589 2772 667 2815 326,
688 2779 739 2806 16.
763 2771 840 2816 339,
859 2779 911 2806 31.

203 2837 256 2863 77.
308 2829 522 2876 προνοήθητι
553 2830 706 2873 224,1ο.
767 2840 913 2874 προνοη-

200 2885 296 2931 θήτω
322 2887 489 2931 339,1ο4.
531 2885 766 2931 προνοηθῆναι
784 2886 910 2929 168,19

878 123 1029 157 Indices.

1031 262 1297 304 Deponentium
1323 261 1531 295 mediorum
1551 262 1708 295 aex-istus

1102 319 1241 361 passivi
1265 319 1411 361 passive
1433 321 1633 362 usurpatus

991 385 1211 427 δεξιωθεῖσαν
1237 387 1315 430 513,
1333 394 1371 421 14

989 439 1114 490 ᾑρέθη,
1140 438 1314 491 ᾑρέθησαν
1333 442 1479 488 passim

989 498 1182 544 ήτιοίθησαν
1207 499 1286 544 484,
1305 507 1348 535 30

989 555 1177 603 ἐψηφίσθη,
1201 556 1244 591 τὰ
1267 557 1487 604 ἐψηφισμένα
1505 557 1651 603 passim

1195 633 1365 675 syntaxis
1389 641 1542 666 casuum

1239 695 1495 730 Nominativus

989 750 1074 796 ὑπὲρ
1104 750 1270 797 σωτηρίας
1294 750 1555 798 Αὐτοκράτορος
1577 749 1745 797 Τραϊανοῦ

1005 840 1011 846 ,
1036 806 1175 854 Νέρουα
1192 806 1365 854 Σεβαστοῦ
1389 808 1460 847 υἱὸς
1478 807 1648 854 Σεβαστὸς
1667 807 1746 856 Γερ-

1036 867 1181 909 μανικοῦ
1205 863 1354 904 Δακικός
1379 867 1458 910 611,
1475 873 1489 900 1

990 920 1145 956 Ποπλίου
1166 918 1348 956 Ἰουεντίου
1372 919 1580 969 Ἀγαθόπους
1605 924 1684 967 660,
1703 931 1719 957 4

1264 987 1315 994 -

989 1012 1021 1047 οἱ
1046 1012 1207 1047 δεσπόται
1235 1011 1303 1047 τῶν
1329 1013 1444 1048 ἄλλων
1468 1012 1590 1058 ἐθνῶν,
1613 1033 1660 1040 -
1684 1014 1747 1049 οὐκ

1035 1069 1113 1116 ἀφῶ
1139 1069 1261 1108 αὐτοὺς
1279 1068 1493 1118 καθεσθῆναι
1507 1069 1556 1109 εἰς
1571 1071 1633 1117 τὴν
1651 1071 1745 1106 σκιάν

1035 1127 1183 1171 201,19.
1231 1126 1264 1161 οἱ
1294 1127 1358 1174 γὰρ
1388 1126 1552 1162 ἀντίδικοί
1576 1140 1654 1174 μου,
1686 1127 1746 1174 ἁρ-

1034 1183 1132 1224 πάζω
1162 1189 1230 1219 τῶν
1258 1189 1428 1230 γυναικῶν
1463 1185 1523 1219 καὶ
1551 1186 1594 1220 τὰ
1627 1185 1745 1220 παιδία

1034 1241 1145 1275 αὐτῶν
1171 1242 1249 1285 201,
1269 1248 1310 1276 22

991 1299 995 1302 ’
1269 1311 1464 1345 Genetivus

987 1366 1186 1415 πειθαρχεῖν
1224 1365 1426 1406 Σωσθένους
1457 1371 1520 1417 ,τοῦ
1557 1371 1744 1415 στρατηγοῦ

1035 1425 1088 1468 12,
1105 1432 1158 1459 11.
1197 1425 1256 1459 καὶ
1280 1428 1353 1464 τοῖς
1377 1424 1498 1463 ἄλλοις
1523 1424 1574 1462 οἷς
1597 1422 1746 1470 καθήκει

1031 1481 1232 1528 πειθαρχεῖν
1257 1482 1369 1517 αὐτῶν
1393 1482 1478 1531 244,
1493 1489 1532 1518 38

1068 1551 1264 1585 Genetivus
1289 1554 1326 1585 et
1349 1552 1495 1585 dativus
1519 1552 1662 1586 confusi

985 1607 1027 1654 τῇ
1053 1609 1172 1654 πρώτῃ
1197 1607 1256 1642 καὶ
1280 1606 1420 1654 μεγίστῃ
1451 1607 1660 1654 μητροπόλει
1683 1612 1744 1653 τῆς

1031 1661 1139 1702 Ἀσίας
1174 1665 1234 1699 καὶ
1273 1664 1324 1703 δὶς
1362 1664 1535 1710 νεωκόρου
1572 1670 1642 1700 τῶν
1680 1662 1746 1699 Σε-

1035 1722 1166 1767 βαστῶν
1215 1717 1384 1767 Ἐφεσίων
1433 1721 1532 1756 πόλει
1590 1722 1675 1766 496,
1715 1730 1743 1755 5.

1031 1777 1156 1825 Ἀθηνᾷ
1187 1777 1340 1824 Σωτείρᾳ
1367 1776 1460 1826 Νίκῃ
1489 1778 1548 1813 καὶ
1579 1777 1746 1824 βασιλέως

1033 1836 1250 1881 Πτολεμαίου
1288 1836 1342 1880 17,
1367 1843 1396 1870 1.
1455 1834 1541 1881 ὑπὲρ
1576 1834 1744 1880 βασιλέως

1032 1892 1247 1938 Πτολεμαίου
1271 1893 1330 1927 καὶ
1354 1891 1551 1938 βασιλίσσης
1574 1889 1744 1938 Ἀρσινόης

1031 1969 1077 1975 -
1111 1950 1170 1984 καὶ
1206 1948 1411 1995 Πτολεμαίῳ
1449 1950 1498 1993 τῷ
1532 1949 1598 1994 υἱῷ
1632 1947 1742 1983 αὐτῶν

1033 2009 1130 2051 87,1.
1179 2006 1238 2040 σὺν
1262 2009 1336 2044 τοῖς
1368 2005 1480 2051 φίλοις
1511 2006 1569 2039 καὶ
1597 2017 1742 2040 συναπο-

1031 2063 1153 2109 δήμοις
1177 2082 1222 2087 -
1244 2062 1303 2096 καὶ
1334 2061 1412 2096 υἱῶι
1434 2080 1481 2087 -
1504 2061 1563 2096 καὶ
1595 2061 1744 2108 κεντορί-

1031 2131 1093 2155 ωσι
1116 2120 1174 2154 καὶ
1197 2123 1265 2152 τῶν
1298 2118 1485 2164 παιδαρίων
1515 2131 1581 2164 μου
1606 2118 1742 2154 πάντων

1034 2177 1175 2221 196,11.
1222 2173 1504 2222 ΓαΐουΦλαβίου
1530 2174 1658 2222 Φίγλου
1681 2188 1743 2210 τα-

1032 2233 1106 2279 μίαι
1139 2233 1217 2277 583,
1238 2241 1268 2267 4.
1327 2232 1472 2281 ἄρχουσι
1503 2231 1610 2279 βουλῇ
1640 2231 1741 2278 δήμῳ

1029 2291 1087 2325 καὶ
1131 2294 1194 2336 τῆς
1239 2290 1358 2336 κυρίας
1400 2289 1560 2335 πατρίδος
1603 2289 1681 2334 595,
1709 2297 1741 2324 4.

1029 2347 1292 2394 ὑπηρετήσαντα
1302 2343 1566 2381 -Ῥουτιλλίου
1579 2343 1741 2392 Κρισπεί-

1029 2417 1088 2438 νου
1114 2407 1173 2438 τοῦ
1197 2403 1416 2450 ἡγησαμένου
1440 2403 1499 2437 καὶ
1522 2407 1597 2440 ταῖς
1623 2402 1741 2449 ἐπιδη-

1031 2461 1200 2507 μησάσαις
1226 2460 1504 2506 οὐηξιλλατίωσιν
1535 2460 1611 2503 640,
1628 2467 1645 2493 6
1660 2469 1740 2502 sqq.

1030 2518 1089 2552 σὺν
1114 2519 1244 2563 κόζμου
1269 2518 1347 2561 423,
1367 2525 1384 2551 5
1587 2511 1591 2514 ’

1023 2588 1219 2621 Genetivus
1244 2589 1280 2620 et
1303 2587 1536 2620 accusativus
1560 2585 1701 2619 confusi
1728 2612 1735 2617 .

983 2643 1125 2688 ἁρπάζω
1157 2649 1223 2678 τῶν
1255 2647 1425 2690 γυναικῶν
1460 2640 1519 2676 καὶ
1548 2641 1591 2675 τὰ
1623 2640 1739 2675 παιδία

1030 2700 1139 2735 αὐτῶν
1157 2702 1301 2744 201‚22.
1337 2698 1478 2744 ἐνίκησα
1500 2697 1611 2732 αὐτῶν
1629 2698 1736 2740 201,6

1285 2769 1435 2802 Dativus

983 2827 1126 2860 soloece
1143 2835 1210 2869 pro
1227 2826 1386 2859 ablativo
1404 2825 1614 2857 Latinorum
1632 2831 1738 2856 usur-

1028 2885 1155 2926 patus:
1182 2882 1274 2920 ὅπως
1295 2881 1388 2919 ἰδίοις
1411 2884 1481 2918 τοῖς
1505 2879 1623 2925 νόμοις
1648 2878 1739 2922 αἱρέ-

1840 1710 1858 1725 ’ἰ

1846 1740 1858 1758 ,ὲ-

1847 1788 1855 1819 2³

1846 1918 1858 1959 ἵ

1843 1964 1858 1994 ,2

1844 1991 1858 2046 ’ἓ
