1858 3126
195 165 279 204 412
380 163 466 196 VIII.
503 164 648 206 Imperii
672 164 822 196 Romani
847 165 1054 206 provinciae
1079 165 1281 199 orientales.
1331 170 1362 199 9.
1385 166 1584 209 Aegyptus.
1653 168 1780 210 [672—

245 309 285 342 10
314 297 483 355 στερεὰὸ
515 299 519 355 1
553 298 622 342 καὶ
654 299 718 342 ἐπὶ
747 299 791 343 τὸ
824 301 993 358 ἀρχαῖον
1026 301 1373 359 ἀπεκατεΗστάθηῚ
1402 303 1479 351 ἕως
1508 307 1580 360 τῆς
1609 303 1780 360 πέτρας8

312 367 380 410 καὶ
414 367 418 425 Ι
453 369 651 424 ἐτέθησαν
691 367 781 426 παρ’
819 369 991 427 ἑκάτερα
1025 373 1102 413 τῶν
1139 370 1298 429 τοίΙχων
1334 370 1511 420 πλάκες9
1540 374 1780 430 ἐπιγεγραμ-

313 437 443 493 μέΙναι
473 439 777 496 δεκατέσσαρες.

195 588 296 630 quod
322 589 415 620 inter
439 590 636 630 scriptores
654 590 724 622 soli
748 590 821 622 duo
840 590 1004 623 homines
1022 591 1250 623 Alexandrini
1276 592 1354 624 eius
1374 593 1595 625 mentionem
1613 592 1781 635 facerent,

196 647 302 678 acute
328 645 501 679 observat
526 646 643 689 Schiff,
670 647 733 688 qui
757 647 853 679 idem
879 648 950 680 hoc
975 649 1120 681 nomine
1145 649 1367 691 Canopicum
1393 650 1471 682 sive
1495 649 1782 683 Heracleoticum

196 702 267 736 Nili
292 703 481 736 brachium
508 704 700 745 significari
722 704 996 738 demonstravit.
1037 706 1129 738 Illud
1146 715 1233 739 vero
1251 715 1338 748 prae
1354 707 1503 748 reliquis
1520 707 1642 749 ipsum
1658 706 1781 741 Nilum

195 761 316 793 visum
343 770 422 794 esse
447 762 616 804 antiquis,
643 763 692 794 ita
717 764 758 794 ut
784 763 916 795 mirum
942 772 1013 795 non
1030 765 1137 805 esset,
1167 772 1310 796 amnem
1329 765 1388 797 cui
1413 773 1559 797 omnem
1584 773 1688 798 suam
1714 763 1782 797 fer-

196 819 364 851 tilitatem
390 821 426 851 et
450 820 604 852 salutem
629 822 816 862 acceptam
841 820 950 852 ferret
973 822 1050 853 tota
1066 822 1264 866 Aegyptus,
1290 821 1335 854 ab
1353 821 1602 855 Alexandrinis
1627 821 1782 855 eundem

196 885 282 908 cum
308 877 418 909 Genio
443 877 522 909 eius
547 876 711 910 habitum
737 886 828 910 esse.
869 878 944 910 Etsi
970 878 1080 919 igitur
1103 877 1256 922 ποταμός
1281 878 1340 911 illa
1358 881 1476 913 aetate
1493 879 1603 912 etiam
1620 878 1783 912 canalem

197 935 274 966 arte
299 934 434 966 factum
459 934 660 975 significare
685 936 806 976 potest
831 936 874 975 (n.
894 936 934 967 54
946 934 998 976 26),
1032 938 1155 968 tamen
1179 945 1220 968 ea
1252 936 1351 969 notio
1384 937 1443 969 hic
1475 937 1511 969 in
1537 945 1687 970 censum
1712 945 1784 969 non

196 991 307 1033 venit,
333 993 374 1023 ut
397 994 571 1033 appareat
595 989 709 1037 ὢρύγη
735 1001 805 1025 non
831 993 875 1025 de
899 993 995 1025 fossa
1021 993 1065 1025 de
1095 994 1234 1035 integro
1265 994 1496 1036 instituenda,
1530 994 1595 1027 sed
1624 994 1668 1027 de
1698 1003 1785 1036 pur-

197 1049 315 1090 gando
341 1049 502 1081 fluminis
527 1049 630 1082 alveo
656 1049 736 1082 dici.
857 1053 875 1081 6
908 1050 932 1082 Ι.
957 1058 987 1082 e.
1021 1051 1056 1082 in
1090 1050 1362 1092 longitudinem,
1393 1050 1630 1093 latitudinem,
1663 1051 1785 1084 altitu-

197 1106 330 1138 dinem.
386 1106 689 1139 Commodissime
719 1106 831 1139 Schiff
866 1106 1007 1139 confert
1037 1106 1141 1149 Sy11.2
1163 1110 1239 1150 538,
1265 1111 1302 1140 5:
1341 1107 1469 1154 τάφρον
1508 1106 1624 1152 ὀρύξαι
1653 1107 1784 1146 πλάτος

198 1163 288 1196 ὀκτὼ
314 1161 439 1205 ποδῶν,
466 1166 577 1207 μῆκος
601 1162 782 1208 τριάκοντα
801 1163 926 1206 ποδῶν,
954 1162 1060 1208 βάθος
1079 1163 1181 1210 μέχρι
1204 1166 1264 1197 τοῦ
1283 1163 1452 1209 στερίφου.
1493 1167 1572 1208 542,
1590 1168 1628 1198 8:
1655 1163 1784 1210 τάφρον

197 1219 361 1265 ὀρύξαντα
387 1224 498 1265 μῆκος
523 1219 584 1264 μὲν
610 1220 648 1254 τὸ
665 1219 909 1266 γεγραμμένον,
935 1219 1062 1258 πλάτος
1088 1220 1125 1254 δὲ
1149 1220 1215 1255 ἀπὸ
1238 1224 1298 1255 τοῦ
1316 1220 1564 1267 ἀναλήμματος
1588 1225 1650 1268 τῆς
1674 1221 1784 1270 χαρά-

197 1277 277 1324 δρας
300 1276 471 1321 τεττάρων
497 1276 622 1320 ποδῶν,
657 1276 764 1322 βάθος
789 1277 827 1311 δὲ
850 1276 1003 1322 τρίπουν.
1052 1278 1156 1317 Quod
1186 1279 1232 1312 ad
1266 1279 1424 1312 Euclidis
1450 1279 1562 1313 Elem.
1585 1279 1634 1312 XI
1659 1279 1727 1313 def.
1751 1283 1784 1312 ⁴:

198 1333 330 1380 στερεόν
357 1333 428 1367 ἐστι
450 1334 488 1367 τὸ
516 1338 628 1380 μῆκος
651 1335 709 1368 καὶ
734 1334 861 1372 πλάτος
885 1334 944 1369 καὶ
970 1334 1078 1380 βάθος
1103 1334 1182 1381 ἔχον
1208 1338 1396 1379 provocat,
1430 1337 1517 1369 item
1542 1337 1639 1370 haud
1663 1326 1789 1379 inepto'

197 1393 292 1434 facit,
326 1392 390 1425 sed
420 1393 615 1425 tenendum
650 1395 706 1425 est
739 1395 859 1426 tamen
890 1394 949 1426 hic
974 1394 1078 1435 plane
1104 1394 1325 1435 singularem
1349 1403 1429 1427 esse
1459 1394 1639 1427 sermonis
1662 1403 1783 1427 usum.

198 1450 338 1482 Etenim
372 1449 539 1482 Euclides
570 1450 717 1492 quidem
751 1459 794 1483 ex
828 1460 928 1484 more
960 1459 1104 1492 corpus,
1142 1451 1241 1493 quod
1270 1452 1345 1484 tres
1381 1451 1629 1484 dimensiones
1664 1450 1784 1493 habet,

199 1506 332 1551 στερεόν
366 1507 533 1548 appellat.
582 1508 627 1539 At
659 1508 718 1540 hic
747 1508 814 1540 hae
846 1509 946 1550 ipsae
980 1509 1223 1541 dimensiones
1255 1507 1297 1542 τὰ
1328 1506 1404 1552 τρία
1437 1507 1556 1553 στερεά
1590 1510 1782 1550 vocantur,

196 1565 302 1597 cuius
328 1565 379 1596 rei
405 1566 547 1606 praeter
572 1566 668 1597 hunc
693 1566 837 1598 titulum
863 1568 898 1598 et
923 1567 1108 1608 geminum
1134 1575 1166 1599 n.
1187 1568 1263 1608 673,
1282 1569 1300 1598 8
1333 1566 1473 1599 nullum
1497 1565 1640 1599 videtur
1663 1567 1699 1598 in
1724 1566 1783 1598 lit-

199 1622 286 1654 teris
313 1621 457 1654 Graecis
483 1623 691 1664 exemplum
717 1625 868 1655 exstare.
989 1626 1007 1655 7
1040 1624 1180 1665 Duplex
1206 1625 1439 1665 augmentum
1465 1623 1511 1656 ad
1526 1623 1678 1656 eandem
1702 1631 1783 1656 sen-

197 1688 260 1711 sus
281 1680 508 1720 grammatici
532 1680 787 1712 titubationem
806 1681 909 1722 redit,
935 1689 1007 1722 qua
1025 1680 1110 1713 alibi
1134 1680 1231 1713 haud
1248 1690 1330 1714 raro
1351 1681 1533 1713 omittitur
1548 1681 1782 1722 augmentum

198 1736 414 1778 syllabicam
441 1737 484 1778 (n.
505 1736 610 1770 90101.
636 1737 742 1770 20418.
771 1737 868 1779 6785)
894 1739 928 1770 et
946 1739 1145 1780 temporale
1164 1738 1206 1779 (n.
1224 1738 1332 1779 435⁷).
1450 1741 1469 1771 8
1503 1737 1606 1776 Quod
1623 1739 1660 1771 in
1677 1738 1783 1771 titulo

198 1794 317 1827 Attico
343 1803 453 1836 quem
484 1796 557 1827 not.
578 1797 596 1825 6
629 1795 734 1827 attuli
767 1797 822 1828 est
852 1794 956 1841 μέχρι
987 1798 1046 1828 τοῦ
1082 1794 1249 1839 στερίφου.
1287 1795 1407 1828 Schiff.
1456 1795 1506 1828 Cf.
1538 1796 1647 1829 etiam
1681 1794 1785 1838 Sy11.2

199 1854 277 1894 537,
297 1854 314 1883 8
347 1849 653 1896 ἀνακαθαράμενον
679 1851 734 1885 ἐπὶ
758 1851 796 1885 τὸ
823 1851 990 1898 στέριφον.
1033 1855 1112 1895 587,
1130 1854 1182 1885 47.
1202 1855 1243 1884 77
1276 1850 1530 1897 ἀνακαθήραντι
1561 1851 1615 1885 ἐπὶ
1644 1851 1683 1886 τὸ
1708 1850 1784 1885 στέ-

198 1920 305 1955 ριφον.
355 1909 571 1941 Particulam
598 1907 662 1946 ἕως
695 1919 766 1943 non
791 1910 1086 1943 coniunctionem
1112 1910 1348 1952 temporalem
1380 1918 1470 1952 esse,
1501 1909 1564 1942 sed
1589 1918 1655 1952 pro
1681 1907 1784 1955 μέχρι

198 1967 477 2008 praepositionis
507 1968 622 2000 instar
653 1967 778 2000 haberi
811 1976 894 2000 cum
931 1968 1099 2009 genetivo
1135 1968 1368 2000 coniunctam
1401 1967 1602 1999 recentiore
1634 1966 1782 1999 demum

197 2025 362 2065 tempore
387 2026 484 2056 recte
509 2024 681 2057 observat
705 2024 824 2056 Schiff.
866 2024 932 2057 Sed
959 2025 1027 2057 hoc
1052 2034 1071 2056 a
1089 2026 1256 2066 tempore
1279 2024 1324 2057 ad
1348 2024 1471 2056 locum
1502 2023 1687 2056 transferri
1713 2033 1784 2057 non

198 2082 272 2113 tam
299 2090 421 2113 rarum
448 2083 503 2112 est
527 2091 637 2122 quam
662 2082 712 2113 illi
738 2081 895 2122 videtur;
923 2082 1036 2113 immo
1060 2083 1091 2113 is
1115 2089 1205 2113 usus
1231 2082 1302 2112 iam
1327 2081 1410 2122 pius
1435 2090 1545 2122 quam
1570 2081 1683 2113 trium
1706 2090 1784 2114 sae-

197 2138 367 2170 culorum
393 2139 474 2169 ante
500 2138 596 2169 hunc
613 2139 760 2170 titulum
778 2139 896 2179 spatio
916 2139 1087 2170 occurrit.
1127 2138 1176 2170 Cf.
1203 2147 1235 2170 n.
1255 2139 1309 2179 54,
1329 2140 1382 2170 49,
1401 2140 1442 2170 20
1470 2136 1535 2175 ἕως
1557 2135 1783 2184 Βακτριανῆς.

201 2197 277 2235 476,
298 2197 338 2227 40
372 2192 437 2231 ἕως
467 2193 614 2239 ψυγμοῠ.
656 2197 732 2236 478,
753 2198 787 2226 44
829 2192 894 2231 ἕως
927 2193 1066 2239 δρόμου.
1111 2197 1186 2236 499,
1205 2197 1247 2226 29
1283 2192 1348 2232 ἕως
1379 2199 1447 2227 τῶν
1473 2192 1631 2239 Σαβαίων
1655 2195 1784 2241 χώρας.

199 2255 277 2294 204,
298 2254 338 2284 46
367 2249 431 2288 ἕως
454 2249 651 2294 Τέ).[μ]εως.
770 2255 788 2283 9
823 2251 969 2292 Tabula,
999 2251 1116 2292 qualis
1148 2252 1237 2284 haec
1261 2253 1326 2294 est,
1359 2252 1492 2285 Graece
1518 2250 1626 2298 στήλη
1658 2253 1784 2295 appel—

196 2311 304 2350 1atur.
350 2309 419 2342 Sed
444 2308 540 2350 apud
563 2308 823 2341 Alexandrinos
854 2310 931 2341 tum
965 2310 1142 2350 temporis
1172 2307 1260 2346 πλάξ
1290 2309 1465 2342 usitatum
1500 2309 1610 2342 fuisse
1642 2311 1786 2351 praeter

200 2370 265 2401 hos
302 2368 393 2400 duos
423 2366 551 2398 titulos
584 2366 735 2398 indicari
777 2374 846 2398 usu
877 2366 1107 2407 Septuaginta
1141 2366 1390 2409 interpretum,
1426 2366 1523 2400 Novi
1553 2366 1784 2409 Testamenti,

198 2427 346 2468 patrum
372 2424 554 2465 ecclesiae,
589 2432 632 2455 ex
658 2432 731 2464 quo
755 2423 900 2456 tabulae
925 2423 1044 2465 legum
1075 2424 1314 2457 Mosaiearum
1347 2425 1554 2457 constanter
1578 2421 1706 2460 πλάκες
1730 2423 1784 2456 di-

199 2484 337 2523 cantur,
365 2481 535 2513 observat
559 2479 678 2512 Schiff.
728 2479 776 2512 Cf.
803 2480 911 2512 etiam
938 2489 969 2512 n.
990 2483 1066 2522 429,
1085 2484 1116 2513 5.

287 2709 373 2753 673
417 2711 569 2751 Tabula
599 2711 765 2750 inventa
796 2711 1002 2750 Schediae.
1057 2712 1126 2750 Ed.
1160 2710 1203 2750 G.
1227 2711 1333 2750 Botti
1363 2710 1462 2749 Bull.
1487 2710 1536 2748 de
1565 2710 1604 2748 la
1633 2709 1783 2749 societe

201 2782 375 2822 archeol.
409 2778 690 2820 d'Alexandrie
723 2780 831 2819 4902
864 2792 903 2832 p.
930 2779 981 2818 45
1015 2779 1166 2833 (Revue
1192 2778 1304 2818 arch.
1328 2778 1547 2817 Troisieme
1568 2778 1670 2817 serie
1697 2777 1784 2816 XLI
1834 2799 1844 2809 ,

204 2851 312 2890 4902
345 2862 384 2902 p.
411 2850 491 2889 439
525 2862 563 2888 n.
591 2849 685 2888 464.
738 2849 936 2901 Seymour
958 2849 1006 2887 de
1028 2849 1136 2888 Ricci
1156 2846 1306 2886 Archiv
1328 2847 1353 2885 f.
1377 2845 1785 2899 Papyrusforschung
1822 2838 1854 2911 ff

200 2921 233 2957 II
263 2932 302 2971 p.
329 2916 410 2957 437
443 2930 480 2957 n.
506 2917 585 2967 34).
