1858 3126
56 158 140 202 ηὓ]
497 156 568 189 hex
592 155 639 189 de
661 156 868 198 astynomis
891 155 1207 197 Pergamenorum.
1583 153 1639 194 93

125 308 148 340 5
167 298 277 350 ταιῆ
312 292 328 352 Ι
361 294 415 350 [οἱ
450 292 537 350 μὲν]
574 290 787 350 στρατηγοὶ
826 293 1101 348 ζημιώσαντες
1140 290 1287 349 αὐτοὺς
1316 293 1323 348 Ι
1356 291 1452 347 [τῆι]
1489 294 1535 335 ἐκ
1569 295 1639 334 τοῦ

169 364 295 421 νόμου
332 362 476 420 ζημίαι
513 363 806 419 παραδότωσαν
844 365 851 418 Ι
888 363 962 404 τῶι
999 359 1197 418 πράκτορι
1234 359 1476 418 πράσσεινῡ·
1517 362 1555 403 οἱ
1594 360 1639 403 δὲ

171 434 391 491 ἀστυνόμοι
419 433 426 490 Ι
455 431 616 477 ἔκδοσιν
652 430 922 489 ποιησάμενοι
955 435 1028 488 τῆς
1066 430 1442 488 άποκαταστάΙσεως
1476 434 1545 474 τοῦ
1575 432 1641 474 τό-

102 515 145 548 lo
170 505 276 547 ‘mu‘
301 504 361 552 εἰς
388 500 441 545 τά
470 503 512 551 ἐξ
537 503 668 560 ἀρχῆς
693 501 748 560 ἐΙΙν
773 501 947 559 ἡμέραις
973 501 1086 556 δέκα,
1116 501 1161 544 τὸ
1189 500 1383 559 διάφορον
1408 499 1640 558 πράξανΙτες

169 573 359 630 ἡμιόλιον
385 569 500 630 παρὰ
530 575 608 615 τῶν
638 570 912 615 ἀπειθούντων
942 571 947 627 Ι
979 569 1430 627 ἀποκαταστησάτωσαν
1454 571 1538 618 τοῖς
1569 569 1640 626 μὲν

170 641 511 700 ἠργοΙλαβηκόσιν
538 639 584 684 τὸ
615 639 844 698 ἐπιβάλλον,
879 638 926 682 τὸ
956 639 1002 682 δὲ
1031 639 1169 683 λοιπὸν
1201 642 1207 695 Ι
1239 641 1321 688 τοῖς
1349 640 1525 696 ταμίαις.
1565 636 1639 682 ἐὰν

105 722 146 755 15
172 709 219 754 δὲ
249 710 304 769 μὴ
333 712 555 768 ποιήσωσιν
584 711 623 753 οἱ
651 711 664 768 ΙΙ
694 710 912 766 ἀστυνόμοι
940 708 1128 767 καθάπερ
1155 711 1176 751 ὁ
1202 711 1323 765 νόμος
1347 708 1639 766 προστάσΙσειῚ,

171 779 244 838 τὴν
273 779 345 837 μὲν
373 779 533 823 ἔκδοσιν
561 780 836 823 ποιείσθωσαν
866 780 905 822 οἱ
937 778 943 835 Ι
976 778 1203 836 στρατηγοί,
1233 777 1277 820 τὸ
1309 778 1354 821 δὲ
1383 777 1520 821 λοιπὸν
1553 776 1642 821 διά-

173 865 299 907 φορον
332 852 405 906 τῆς
436 849 442 906 Ι
479 850 707 898 susam&
742 849 1044 906 πραχθήτωσαν
1082 848 1120 891 οἱ
1159 848 1387 903 ἀστυνόΙμοι
1422 846 1491 889 καὶ
1529 846 1640 895 ἐκτὸς

101 929 146 962 2⁰
172 918 489 961 ἀποτεινέτωσαν
519 917 734 975 ζημιΙΙαΙνΡ
759 914 948 975 δραχμάς
977 918 1132 960 ἑκατόν.
1168 915 1434 974 πραξάτωσαν
1461 916 1506 959 δὲ
1534 918 1540 972 Ι
1571 917 1642 958 αὖ·

171 984 264 1036 τοὺς
289 986 329 1030 οἱ
353 987 632 1045 νομοφύλακες
643 989 680 1016 ¹⁰
697 990 965 1045 παραχρῆμα.
990 987 996 1043 Ι
1018 984 1124 1030 κατά
1151 983 1279 1029 ταύτά
1303 985 1347 1029 δὲ
1367 985 1639 1042 γεινέσθωσαν

171 1055 244 1100 καὶ
271 1054 337 1100 ἐπὶ
365 1058 444 1099 τῶν
473 1055 480 1112 Ι
508 1055 641 1100 ἄλλων
670 1057 750 1099 τῶν
782 1056 1067 1099 ἀπειθούντων.
1103 1052 1284 1098 ἔστωσαν
1314 1056 1319 1112 Ι
1350 1054 1396 1097 δὲ
1425 1058 1502 1097 τῶν
1533 1052 1639 1097 κατὰ

154 1267 172 1298 t
204 1265 301 1299 nnec
331 1266 455 1299 omnia
486 1265 603 1298 editor
635 1265 821 1307 supplevit
849 1273 894 1297 ex
923 1265 977 1297 eis
1006 1273 1103 1307 quae
1135 1263 1227 1297 infra
1255 1263 1425 1306 leguntur
1448 1272 1483 1295 v.
1507 1264 1546 1294 6⁴
1562 1271 1641 1305 sqq.

62 1323 105 1355 ‘1⁰
117 1330 198 1366 sqq.
223 1325 290 1356 ⁴52
301 1331 357 1366 sq.
474 1326 494 1355 5
524 1321 674 1355 Athenis
689 1330 840 1364 quoque
865 1322 1108 1364 magistratus,
1133 1330 1207 1364 quo
1231 1321 1460 1364 praesidente
1482 1321 1640 1363 cuipiam

61 1379 177 1414 multa
207 1379 254 1414 ab
285 1379 468 1413 iudicibus
496 1380 654 1422 irrogata
681 1380 770 1422 erat,
801 1388 876 1412 non
909 1380 1010 1425 ips-0„
1018 1379 1162 1421 exigere
1190 1378 1342 1421 solebat,
1373 1378 1438 1411 sed
1469 1378 1643 1420 scriptam

60 1437 203 1471 tradere
233 1437 295 1471 alii
325 1437 555 1480 maglstratul
585 1435 771 1482 (πράκτορι)
803 1437 908 1470 cuius
938 1437 976 1469 id
1005 1437 1196 1480 proprium
1231 1436 1418 1479 negotium
1454 1437 1543 1469 erat.
1593 1435 1644 1468 Cf.

59 1495 161 1528 Dem-
178 1494 295 1538 Lvul,
311 1497 355 1528 20
381 1493 430 1540 μὴ
454 1491 690 1540 παραδοθῆναι
712 1496 786 1531 τοῖς
809 1493 996 1539 πράκτορσι
1018 1494 1076 1527 τὸν
1094 1492 1332 1540 προσοφλόντα
1346 1492 1436 1528 κατὰ
1451 1493 1509 1527 τὸν
1525 1492 1643 1537 νόμον.

61 1554 104 1586 ts
128 1547 196 1586 οόδ’
221 1550 293 1586 ἐστὶ
321 1549 452 1586 δίκαιον
482 1550 622 1589 τούτους
651 1549 904 1596 ὑπολαμβάνειν
936 1549 1098 1597 ὀφείλειν,
1137 1552 1184 1585 ὧν
1216 1549 1328 1589 οὐδεὶς
1357 1549 1538 1596 παρέδωκε
1570 1552 1644 1588 τοῖς

58 1607 246 1655 πράκτορσι
269 1607 315 1643 τὰ
343 1607 507 1654 ὀνόματα.
554 1609 627 1642 Lex
657 1618 714 1652 ap.
739 1609 927 1642 Demosth.
952 1609 1070 1651 XLIII,
1094 1611 1131 1642 Ἠ
1171 1607 1251 1643 ὅτου
1282 1606 1307 1642 δ’
1332 1607 1373 1643 ἂν
1403 1607 1643 1654 καταγνωσθῇ,

58 1665 294 1714 ἐγγραφόντων
316 1664 351 1701 οἱ
373 1665 549 1712 ἄρχοντες,
572 1666 656 1711 πρὸς
681 1665 741 1704 οὓς
764 1664 805 1700 ἂν
830 1659 853 1713 ᾗ
880 1665 903 1711 ἡ
929 1665 1020 1710 δίκη,
1043 1669 1117 1703 τοῖς
1142 1665 1347 1711 πράκτορσιν
1372 1665 1391 1699 ὃ
1414 1666 1467 1710 τῷ
1489 1664 1643 1710 δημοσίῳ

57 1722 215 1770 γίγνεται.
263 1724 334 1758 Lex
356 1732 414 1767 ep.
430 1724 645 1757 Aeschinem
671 1725 695 1766 1,
713 1726 755 1756 35
780 1723 839 1757 καὶ
862 1723 920 1757 ἐὰν
944 1722 1173 1769 καταγνωσθῇ
1194 1722 1298 1757 αὐτοῦ
1322 1722 1472 1769 κρύβδην
1496 1722 1644 1769 ψηφιζο-

59 1779 183 1825 μένων,
208 1778 471 1828 ἐγγραψάτωσαν
487 1780 521 1815 οἰ
536 1780 695 1826 πρόεδροι
709 1784 784 1819 τοῖς
799 1779 1014 1827 πράκτορσιν.
1126 1785 1145 1814 6
1178 1781 1227 1815 Cf.
1253 1783 1326 1814 not.
1345 1784 1375 1814 3.
1487 1783 1505 1812 Ἰ
1539 1780 1643 1819 Quod

58 1838 178 1873 editor
199 1838 246 1872 ad
259 1839 358 1872 hunc
372 1839 497 1872 locum
515 1838 674 1881 adnotat,
698 1839 921 1872 coniunctivi
938 1840 1232 1873 terminationem
1251 1847 1437 1881 nunquam
1462 1848 1508 1870 -ει
1532 1838 1644 1871 scribi

60 1905 128 1939 per
150 1897 270 1930 totum
286 1896 434 1930 titulum
452 1897 522 1930 uisi
538 1897 575 1929 in
592 1895 747 1930 formula
769 1892 846 1930 καθ’
867 1894 890 1929 ἃ
913 1894 954 1930 ἂν
978 1895 998 1930 ὁ
1019 1895 1126 1940 νόμος
1151 1895 1364 1940 προστάσσει,
1389 1895 1475 1929 alibi
1500 1904 1645 1938 semper

61 1955 88 1987 Η
111 1955 177 1987 aut
202 1954 247 1987 ln
277 1961 369 1996 esse,
400 1953 438 1987 id
461 1962 534 1987 non
557 1954 735 1996 intellego.
784 1953 876 1987 Nam
906 1955 966 1989 hic
990 1954 1140 1997 quidem
1166 1955 1202 1987 ln
1233 1954 1350 1996 ipsius
1374 1953 1541 1996 exemplo
1564 1948 1640 1985 καθ’

59 2007 168 2057 ἅπερ
197 2009 218 2044 ὁ
244 2009 352 2055 νόμος
379 2009 583 2057 προστάσσει
610 2019 826 2054 expressum
856 2013 923 2054 est,
959 2020 1070 2054 quem
1101 2013 1253 2054 apparet
1282 2011 1520 2044 indicativum
1553 2019 1643 2043 esse.

61 2070 82 2101 8
113 2067 208 2108 Quin
230 2069 285 2102 sic
306 2077 457 2112 quoque
478 2077 522 2101 ea
545 2068 721 2111 pecuniae
744 2077 900 2112 summa,
924 2078 997 2112 qua
1019 2070 1079 2102 via
1103 2070 1141 2102 in
1165 2070 1356 2112 antiquum
1381 2070 1517 2102 statum
1542 2069 1646 2101 resti-

59 2124 195 2159 tuenda
216 2125 368 2168 loeutur,
392 2125 439 2159 ab
464 2126 553 2168 ipsis
577 2126 766 2168 pendenda
789 2127 848 2169 sit,
872 2127 936 2169 qui
960 2135 1042 2160 eam
1063 2126 1374 2160 aedificationibus
1398 2127 1475 2159 suis
1499 2126 1645 2159 obstru-

58 2184 193 2217 xerunt
215 2185 279 2217 aut
301 2184 570 2226 eoartavernnt,
595 2192 667 2217 non
691 2184 776 2217 lieet
791 2183 961 2217 dubitari.
1001 2184 1093 2219 Nam
1109 2194 1185 2227 quo
1200 2187 1308 2227 pacto
1324 2184 1383 2217 lex
1399 2184 1479 2216 illos
1496 2186 1645 2226 propter

60 2242 341 2283 astynomorum
364 2242 624 2283 neglegentiam
648 2241 772 2275 debito
802 2242 991 2276 exsolvere
1021 2241 1190 2285 poterat?
1236 2242 1337 2275 Adde
1368 2241 1468 2284 quod
1501 2241 1644 2274 definite

61 2297 99 2330 id
121 2297 223 2340 quod
245 2307 266 2331 a
290 2298 563 2341 magistratibus
578 2299 736 2341 exigitur
757 2298 795 2333 τὸ
819 2298 969 2333 λοιπὸν
994 2298 1158 2345 διάφορον
1182 2300 1326 2332 dicitur.
1367 2299 1435 2332 Sed
1451 2298 1540 2341 quid
1556 2298 1645 2331 illud

0 2385 2 2411 Ι
61 2352 146 2388 est?
191 2354 356 2389 Editoroe
386 2357 557 2399 sumptus
585 2357 624 2389 in
654 2357 778 2399 ipsum
808 2357 950 2391 locandi
979 2358 1164 2400 negotium
1195 2357 1379 2390 faciendos
1409 2352 1488 2396 (die
1511 2353 1645 2389 Kos-ten

0 2414 2 2489 Ι
61 2411 127 2446 der
146 2409 401 2457 Vadis-quus)
434 2413 731 2457 interpretantur,
761 2415 824 2448 sed
856 2415 882 2448 ii
906 2424 1024 2457 neque
1054 2416 1175 2458 magni
1204 2415 1317 2448 fuisse
1342 2415 1496 2457 possunt
1528 2422 1644 2455 neque

0 2493 2 2512 Ι
61 2469 235 2504 credibile
258 2472 315 2503 eet
337 2471 390 2504 eis
405 2470 579 2504 liberatos
602 2479 683 2505 esse
706 2472 872 2505 homiues
896 2482 1054 2514 quorum
1071 2472 1180 2516 culpa
1202 2472 1337 2506 iactum
1363 2473 1460 2504 esset
1483 2472 1525 2503 ut
1548 2471 1643 2503 eius-

0 2517 2 2566 Ι
62 2527 163 2561 modi
186 2527 364 2561 locatione
387 2536 482 2571 opus
505 2530 611 2562 esset.
658 2527 778 2567 Quare
800 2530 924 2562 nescio
948 2538 994 2563 an
1016 2530 1078 2563 hio
1100 2538 1251 2572 quoque
1281 2528 1559 2571 sesquialterum
1583 2535 1644 2559 ex-

0 2591 10 2630 ζι
62 2585 186 2618 aetum
209 2585 268 2627 sit,
292 2594 335 2618 ea
358 2586 446 2628 lege,
470 2587 513 2618 ut
535 2586 738 2628 simplicem
754 2594 938 2619 summam
961 2587 1095 2629 privati
1111 2587 1176 2629 qui
1199 2587 1236 2620 in
1259 2586 1368 2628 culpa
1383 2587 1514 2625 essent,
1540 2584 1645 2616 dimi-

38 2675 40 2677 ,
65 2641 166 2675 dium
183 2642 394 2676 additicium
411 2643 595 2686 astynomi
611 2643 819 2686 penderent.
859 2645 950 2677 Saue
965 2653 1096 2687 parum
1113 2646 1198 2686 apte
1214 2645 1250 2676 et
1266 2644 1434 2676 distincte
1450 2643 1520 2674 hoc
1537 2649 1645 2673 voca-

61 2697 159 2732 bulis
180 2698 220 2733 τὸ
244 2697 364 2733 λοιπὸν
388 2698 552 2746 διάφορον
575 2702 639 2746 τῆς
663 2698 833 2738 ἐκδόσεως
862 2701 1043 2734 enuntiari
1066 2701 1252 2734 fatendum
1276 2702 1350 2740 est;
1384 2699 1446 2732 sed
1477 2697 1645 2730 similiter

62 2753 103 2788 τὸ
125 2748 311 2799 ἐπιβάλλον
335 2758 373 2789 et
394 2756 433 2791 τὸ
448 2755 568 2790 λοιπὸν
592 2757 867 2800 distinguuntur
882 2768 916 2791 v.
934 2761 989 2791 ⁴³.
1008 2760 1062 2792 tt.
1168 2761 1188 2790 9
1217 2759 1278 2791 ΑΣ
1302 2757 1404 2798 lapis,
1430 2753 1645 2787 emendave-

65 2813 151 2845 runt
178 2812 339 2846 editoris.
461 2817 503 2847 4ο
538 2814 629 2847 Cum
659 2815 769 2848 huius
799 2816 1034 2857 magistratus
1063 2817 1160 2848 esset
1190 2814 1350 2854 reliquos
1381 2811 1579 2843 observare
1609 2811 1645 2841 et

65 2875 196 2901 eavere
225 2878 271 2902 ne
301 2870 390 2912 quid
420 2873 546 2904 eontra
579 2870 678 2913 leges
709 2872 877 2915 faeerent,
912 2873 1049 2906 multae
1079 2872 1368 2913 magistratuum,
1393 2868 1455 2908 qui
1486 2865 1645 2899 officium

66 2931 175 2957 snum
197 2926 441 2970 neglexerunt,
464 2927 510 2960 ab
534 2928 625 2970 ipsis
648 2931 840 2970 coguntur.
