1858 3126
239 153 264 192 6
471 150 559 183 VIII.
597 150 743 192 Imperii
767 150 918 183 Romani
943 150 1152 191 provinciae
1177 149 1380 182 orientales.
1429 152 1461 183 ⁴.
1484 150 1578 184 Asia.
1740 151 1817 193 [437

299 300 318 332 5
348 287 668 344 κριθέντω]ν<ι>5
698 286 708 343 Η
739 287 892 343 [δήμων
913 303 956 329 τε
985 286 1055 329 καὶ
1086 287 1242 329 ἐθνῶν6
1272 287 1588 344 ψηφισαμένων7
1617 287 1816 345 τιθέ]ναιΙ

353 355 607 412 [θυμελικοὺς
638 355 707 398 καὶ
727 354 940 413 γυμνικοὺς
961 356 1119 412 ἀγῶνας
1148 355 1548 413 πε]νταί[ετηρικοὺς8
1575 381 1818 388 ----------

349 425 411 482 --ι
424 449 644 456 ---------
643 426 655 479 ]

328 570 346 598 5
382 566 421 599 ΝΙ
449 566 485 597 in
510 565 629 607 lapide
654 573 733 597 esse
758 565 914 597 testatur
937 564 1096 606 Frankel‚
1130 563 1193 596 sed
1218 565 1296 597 eius
1322 564 1617 607 supplementum
1641 563 1736 607 [νυ]νὶ
1759 573 1821 598 co-

234 624 358 655 haeret
383 631 467 655 cum
493 623 631 655 ratione
657 631 729 664 qua
752 620 938 667 κριθέντων
964 621 1009 654 ad
1034 621 1225 654 arbitrium
1251 622 1345 654 inter
1368 622 1562 655 Sardianos
1585 624 1622 655 et
1645 622 1821 664 Ephesios

234 681 367 723 retulit,
393 689 487 722 quae
511 682 595 722 post
620 680 800 722 egregiam
825 680 992 713 Foucarti
1017 678 1312 712 observationem
1340 680 1424 722 (not.
1442 681 1473 722 4)
1505 680 1620 713 teneri
1651 680 1724 713 iam
1749 688 1820 713 non

234 739 365 779 potest.
406 737 526 776 Quare
551 737 628 770 fieri
653 745 725 770 non
751 739 872 779 potest
896 737 984 779 quin
1008 739 1232 779 postremam
1251 737 1392 770 hastam
1417 737 1593 780 lapicidae
1613 745 1736 770 errore
1760 737 1821 770 ad-

234 796 347 828 ditam
381 795 595 828 iudicemus.
739 797 757 827 6
789 795 977 837 Supplevit
1006 795 1169 828 Foucart.
1224 794 1273 827 Cf.
1306 797 1379 828 not.
1404 796 1434 827 4.
1581 796 1599 826 7
1634 793 1822 837 Supplevit

234 854 395 885 Foucart.
445 852 494 885 Cf.
522 854 595 885 not.
614 854 646 885 4.
765 855 783 884 8
814 852 893 884 Non
919 852 1008 884 aliae
1038 852 1097 884 bic
1122 852 1274 885 indicari
1299 852 1469 885 videntur
1492 851 1601 885 feriae
1625 853 1734 894 atque
1758 860 1822 884 eae

233 919 325 952 quas
343 910 494 943 Asianae
519 910 684 942 civitates
710 909 946 942 condiderant
969 911 1011 942 ut
1035 909 1074 948 Q.
1092 910 1210 943 Mucio
1237 909 1446 952 proconsuli
1467 911 1617 952 propter
1640 910 1820 951 egregiam

232 968 442 1010 provinciae
455 967 804 1000 administrationem
819 968 971 1009 gratiam
985 967 1172 1000 referrent.
1212 967 1285 1000 Hae
1302 968 1339 1000 in
1351 968 1467 1000 titulis
1480 967 1630 1010 quidem
1645 967 1774 1009 (11.438,
1789 970 1820 999 5.

234 1027 312 1067 439,
336 1026 367 1066 4)
399 1021 578 1067 Μουκὶεια,
612 1025 707 1067 apud
739 1025 936 1067 scriptores
967 1034 1055 1057 vero
1082 1025 1226 1058 Latinos
1257 1024 1406 1057 brevius
1430 1023 1559 1058 Mucia
1582 1024 1821 1067 appellantur.

236 1083 285 1115 Cf.
312 1083 382 1116 Cic.
409 1083 445 1115 in
470 1083 570 1115 Verr.
590 1083 630 1125 ΙΙ,
650 1085 704 1125 24,
724 1084 776 1115 5⁴:
803 1080 1033 1116 Mithridates
1056 1081 1100 1115 in
1123 1080 1227 1125 Asia,
1252 1092 1337 1116 eum
1360 1092 1442 1117 eam
1460 1080 1694 1126 provirwiwm
1710 1083 1822 1115 totwm

234 1142 447 1184 occupasset,
481 1138 607 1174 Mucia
640 1150 715 1173 non
746 1138 902 1174 sustulit.
952 1141 1263 1173 Pseudoasconius
1295 1141 1340 1173 ad
1364 1140 1434 1173 Cic.
1461 1140 1533 1173 div.
1564 1141 1601 1173 in
1626 1140 1821 1173 Caecilium

236 1201 290 1240 47,
310 1201 351 1231 57
378 1199 423 1240 (p.
439 1200 516 1240 422,
538 1202 578 1231 46
604 1198 672 1239 Or.)
698 1196 758 1232 hic
782 1199 832 1231 est
847 1196 1005 1241 Mucius,
1031 1196 1074 1231 in
1097 1197 1269 1231 honorem
1292 1195 1398 1231 euius
1415 1195 1555 1232 Asiani
1572 1196 1668 1232 diem
1690 1195 1822 1241 festwm

236 1253 362 1289 Mucia
390 1254 642 1289 nominabant.
685 1256 729 1288 ad
761 1265 813 1288 or.
846 1256 882 1288 in
906 1255 1007 1288 Verr.
1033 1256 1074 1297 ΙΙ,
1101 1259 1153 1298 40,
1179 1258 1222 1287 27
1261 1256 1304 1297 (p.
1330 1258 1407 1298 240,
1432 1258 1474 1287 46
1506 1255 1576 1297 Or.)
1609 1253 1649 1296 Q.
1674 1253 1823 1288 Mucius

235 1311 369 1346 Asiam
391 1311 630 1356 sinyulariter
653 1314 803 1354 rexerat,
840 1312 926 1346 adeo
949 1315 989 1346 ut
1012 1311 1088 1346 dies
1111 1311 1222 1355 festus
1246 1322 1271 1346 a
1299 1308 1449 1346 Graecis
1471 1310 1515 1346 in
1543 1311 1714 1345 honorem
1744 1310 1822 1345 eim

234 1368 518 1412 constitueretur,
545 1369 611 1413 qui
625 1368 802 1403 diceretur
818 1368 954 1403 Mucia.
996 1370 1106 1402 Tituli
1124 1370 1320 1411 legitimam
1339 1370 1492 1403 formam
1510 1371 1643 1412 tenent,
1669 1370 1822 1412 scripto-

235 1436 294 1460 res
319 1428 654 1470 pronuntiationem
679 1428 875 1470 volgarem‚
901 1437 973 1469 qua
999 1439 1049 1469 ιει,
1074 1429 1095 1460 i.
1115 1436 1144 1459 e.
1170 1424 1203 1459 ‘ii
1228 1428 1264 1460 in
1290 1437 1399 1460 unam
1425 1427 1640 1470 productam
1658 1427 1822 1461 vocalem

237 1485 456 1527 coaluerant,
491 1487 704 1528 sequuntur.
765 1485 814 1518 Cf.
851 1483 991 1527 εὐόινός,
1033 1487 1186 1529 ταμεῖον,
1227 1483 1333 1531 ὑγεία,
1365 1483 1483 1529 mpetu
1513 1495 1547 1518 n.
1579 1484 1693 1518 49432.
1753 1485 1822 1517 Sed

235 1552 414 1585 quaenam
439 1543 669 1575 necessitudo
695 1543 752 1575 his
776 1543 870 1575 ludis
888 1551 971 1575 cum
989 1542 1244 1575 Sardianorum
1270 1544 1306 1575 et
1323 1542 1563 1585 Ephesiorum
1585 1543 1824 1575 contentioni-

236 1601 306 1634 bus
331 1601 540 1643 intercedat,
572 1610 644 1633 non
678 1600 779 1633 facile
803 1602 858 1632 est
883 1600 1093 1633 diiudicatu.
1143 1600 1279 1633 Horum
1311 1600 1468 1632 duorum
1493 1599 1714 1642 populorum
1738 1608 1824 1642 pac-

236 1660 314 1691 tum
340 1659 556 1701 primarium
581 1658 677 1690 tituli
703 1659 956 1699 argumentum
982 1666 1061 1690 esse
1086 1658 1312 1700 praescripta
1336 1667 1369 1690 v.
1395 1661 1408 1689 4
1448 1657 1650 1690 luculenter
1673 1657 1824 1690 demon-

237 1718 363 1748 strant.
405 1715 523 1754 Quare
540 1715 718 1757 epistulae
742 1715 972 1757 proconsulis
997 1714 1161 1757 profecto
1179 1715 1264 1747 huic
1281 1715 1427 1747 tabulae
1451 1723 1523 1747 non
1540 1715 1675 1747 incisae
1691 1716 1823 1757 essent,

238 1774 307 1805 nisi
332 1774 434 1815 ipsae
458 1772 588 1805 eodem
614 1774 850 1815 spectassent,
881 1781 999 1814 neque
1024 1773 1061 1804 id
1084 1773 1155 1805 ulla
1182 1781 1226 1805 ex
1251 1774 1354 1815 parte
1377 1771 1530 1805 dubium
1556 1773 1622 1814 est,
1652 1781 1738 1805 cum
1763 1772 1824 1810 de·
1848 1762 1850 1766 ¹

240 1831 518 1863 monstraverim
538 1830 695 1863 mediam
713 1830 809 1863 tituli
825 1831 965 1873 partem
993 1829 1023 1871 (b
1040 1839 1073 1862 v.
1094 1832 1240 1862 40-25,
1268 1830 1413 1871 33-55)
1438 1830 1526 1862 item
1545 1830 1590 1862 ad
1606 1830 1671 1862 has
1688 1830 1825 1872 epistu-

238 1888 290 1920 las
327 1889 517 1930 pertinere.
574 1889 619 1920 At
654 1897 720 1920 cur
758 1889 795 1920 in
831 1888 940 1920 huius
977 1888 1181 1929 argumenti
1216 1888 1344 1920 litteris
1381 1887 1550 1920 ludorum
1586 1887 1723 1920 mentio
1758 1885 1824 1920 fit?

238 1946 446 1978 Fr'ankelius
471 1946 620 1987 quidem
645 1955 707 1978 eos
741 1947 890 1988 propter
921 1945 1153 1978 concordiam
1183 1945 1329 1978 illarum
1362 1945 1565 1978 civitatium
1595 1945 1824 1987 proconsulis

238 2012 326 2036 eura
342 2004 549 2035 restitutam
566 2004 732 2036 conditos
750 2004 943 2036 existimat.
985 2003 1029 2035 At
1045 2004 1076 2036 is
1093 2004 1214 2035 minus
1237 2003 1337 2036 recto
1354 2011 1528 2036 versuum
1553 2005 1583 2035 3.
1603 2004 1620 2035 4
1648 2004 1684 2035 et
1708 2004 1762 2050 2¹7.
1781 2004 1823 2034 28

238 2061 491 2102 supplemento
517 2061 691 2102 deceptus
716 2061 761 2093 ab
786 2061 843 2093 his
869 2061 1102 2103 potissimum
1120 2060 1262 2093 duabus
1279 2060 1490 2093 civitatibus
1514 2060 1620 2093 ferias
1643 2060 1824 2092 institutas

239 2118 308 2150 sibi
333 2118 525 2159 persuasit.
574 2118 678 2156 Quod
702 2119 876 2160 quoniam
903 2118 1102 2151 Foucartus
1128 2118 1401 2160 demonstravit,
1430 2118 1535 2160 longe
1559 2117 1662 2150 aliter
1685 2126 1760 2150 rem
1787 2126 1825 2149 se

238 2174 409 2207 habuisse
435 2175 518 2216 (not.
539 2176 580 2217 4),
606 2184 713 2208 nemo
737 2176 839 2208 facile
864 2176 1022 2217 amplius
1047 2175 1184 2208 tenebit
1208 2184 1311 2208 sacra
1336 2185 1430 2218 quae
1454 2175 1500 2208 ab
1524 2176 1717 2208 universae
1741 2184 1825 2217 pro-

238 2232 378 2264 vinciae
403 2233 551 2274 populis
575 2233 740 2265 instituta
765 2235 801 2266 et
826 2233 1053 2275 proconsulis
1079 2234 1225 2266 nomine
1250 2233 1429 2275 appellata
1453 2234 1584 2275 essent,
1618 2232 1662 2265 ad
1692 2232 1823 2265 horum

239 2289 397 2321 duorum
422 2290 642 2331 populorum
668 2298 725 2322 res
750 2291 873 2332 potius
898 2299 1008 2332 quam
1042 2290 1087 2323 ad
1111 2292 1224 2323 totius
1249 2290 1458 2332 provinciae
1489 2290 1649 2331 regimen
1680 2297 1824 2322 summa

239 2356 323 2379 cum
348 2346 453 2379 laude
479 2349 619 2388 gestum
647 2349 819 2388 spectare.
861 2347 979 2385 Quare
1003 2348 1094 2379 mihi
1118 2347 1266 2389 quidem
1293 2347 1383 2379 ordo
1409 2356 1531 2379 rerum
1556 2349 1593 2379 et
1615 2348 1822 2389 temporum

238 2404 440 2436 contrarius
474 2412 553 2436 esse
584 2404 744 2436 videtur:
784 2404 945 2436 Primum
979 2405 1144 2437 civitates
1178 2405 1334 2437 Graecae
1363 2405 1572 2446 provinciae
1602 2404 1706 2436 Asiae
1739 2411 1824 2436 con-

237 2461 357 2493 silium
383 2461 554 2493 ludorum
573 2461 879 2494 instituendorum
906 2463 1075 2503 ceperant
1092 2461 1208 2503 deque
1233 2470 1274 2494 ea
1295 2470 1335 2494 re
1352 2461 1607 2503 proconsulem
1629 2460 1821 2493 certiorem

239 2518 413 2559 fecerant;
453 2518 582 2550 deinde
614 2527 701 2550 vero
734 2527 819 2550 cum
851 2518 1090 2560 Ephesiorum
1129 2520 1164 2550 et
1197 2518 1453 2550 Sardianorum
1485 2517 1706 2550 simultatem
1738 2510 1824 2550 huic

237 2575 380 2617 negotio
413 2584 631 2617 magnopere
666 2575 795 2608 obesse
827 2577 1027 2617 appareret,
1060 2575 1260 2616 proconsul
1294 2575 1544 2608 auctoritatem
1578 2582 1680 2607 suam
1713 2575 1823 2607 inter*
1853 2588 1858 2597 ·

238 2633 362 2674 posuit
386 2633 427 2664 ut
451 2632 531 2665 illos
556 2632 591 2664 in
618 2633 767 2673 gratiam
793 2632 992 2664 reduceret.
1043 2632 1099 2664 Sic
1123 2640 1181 2663 res
1206 2631 1251 2664 ad
1276 2631 1433 2664 arbitros
1458 2632 1634 2673 pervenit,
1664 2641 1822 2673 quorum

240 2698 285 2722 ex
318 2689 495 2722 sententia
528 2698 598 2721 non
628 2689 736 2721 modo
768 2698 838 2731 pax
869 2691 904 2721 et
929 2689 1121 2721 concordia
1146 2690 1312 2721 restituta
1344 2690 1409 2731 est,
1443 2688 1506 2721 sed
1536 2690 1644 2721 etiam
1676 2690 1713 2721 in
1741 2689 1823 2721 reli-

241 2757 356 2789 quum
381 2748 526 2789 tempus
557 2747 842 2779 accuratissimis
875 2745 1107 2788 pactionibus
1131 2746 1335 2788 provisum,
1367 2745 1552 2787 quomodo
1577 2746 1822 2779 dissensiones

243 2814 336 2847 quae
367 2805 458 2837 inter
491 2803 684 2836 Sardianos
709 2805 744 2836 et
769 2804 943 2845 Ephesios
977 2803 1064 2835 oriri
1093 2804 1242 2845 possent
1273 2803 1567 2836 diiudicarentur.
1615 2803 1694 2836 Non
1726 2805 1822 2836 recte

243 2864 362 2903 igitur,
397 2863 426 2894 si
451 2860 538 2904 quid
563 2861 679 2903 video,
710 2861 918 2893 Frankelius
943 2861 1115 2902 epistulas
1139 2861 1163 2893 1.
1190 2861 1218 2892 11
1243 2862 1350 2902 pacto
1375 2861 1420 2892 111
1451 2861 1669 2893 recentiores
1700 2861 1822 2893 existi-

246 2920 368 2951 mavit.
