1858 3126
217 154 300 196 372
396 153 485 186 VIII.
522 153 671 195 Imperii
693 152 845 185 Romani
870 153 1078 195 provinciae
1102 153 1305 187 orientales.
1355 156 1386 187 9.
1410 153 1608 198 Aegyptus.
1674 155 1802 198 [662—

212 290 325 323 fuisse
349 289 459 323 refert
484 285 614 331 (Ἀπίων
640 287 658 322 ὁ
683 286 934 331 Πλειστονίκου)
960 291 1094 324 erroris
1123 290 1358 324 insimulavit.
1406 290 1498 325 Nam
1523 300 1597 325 non
1620 292 1730 326 modo
1754 293 1801 326 ab

213 347 291 380 aliis
317 345 517 388 (Africanus
542 354 598 388 ap.
624 345 755 379 Euseb.
778 354 902 389 praep.
925 354 981 380 ev.
1003 346 1046 389 X,
1066 349 1120 389 40,
1140 349 1193 379 46.
1233 347 1557 381 Pseudo-Iustinus
1585 348 1730 382 Cohort.
1755 349 1802 382 ad

213 404 270 436 Gr.
290 404 320 444 9)
342 403 493 446 Apionis
525 404 630 446 pater
654 403 870 436 Posidonius
903 403 1117 446 appellatur,
1149 403 1215 436 sed
1238 405 1358 448 etiam,
1391 405 1491 447 quod
1516 405 1552 438 C.
1577 415 1648 439 non
1673 407 1801 449 attigit,

212 459 450 504 πλειστονίκης
477 460 528 501 (ut
544 457 745 506 παράδοξος,
770 458 1004 505 περιοδονίκης
1029 461 1172 502 similia)
1198 462 1372 495 consueta
1387 461 1467 495 laus
1490 463 1546 495 est
1570 472 1643 505 qua
1659 463 1801 497 vanitas

212 517 431 550 athletarum
449 517 679 559 aliorumque
696 517 759 560 qui
777 517 1038 550 certaminibus
1056 518 1170 550 sacris
1187 518 1386 552 intererant
1402 527 1441 551 se
1457 527 1634 553 exornare
1649 519 1800 554 solebat.

212 574 260 607 Cf.
287 574 455 617 Olympia
472 574 504 606 V
523 583 557 617 p.
579 576 642 607 447
669 583 703 607 n.
722 577 776 617 55,
795 577 808 607 4
825 583 904 616 sqq.
930 573 947 608 ὁ
973 573 1142 619 νεωκόρος
1160 572 1366 620 Ζμυρναίων
1384 573 1495 620 δῆμος
1510 573 1667 621 Τιβέριον
1684 573 1801 611 Κλαύ-

211 630 282 664 διον
298 626 459 677 Ῥοῦφον,
484 630 541 664 τὸν
567 629 689 664 ἑαυτοῦ
714 629 886 676 πολείτην,
911 629 1018 675 ἄνδρα
1042 630 1309 677 πλειστονείκην.
1351 631 1456 671 Quod
1480 641 1593 674 genus
1609 633 1800 667 hominum

209 688 387 731 Apionem
418 689 531 730 gloria
563 690 599 721 et
634 688 828 721 iactatione
864 689 1087 721 aemulatum
1125 697 1204 722 esse
1240 690 1393 722 constat.
1448 689 1595 723 Frustra
1624 691 1665 724 K.
1688 691 1801 724 Lehrs

211 745 447 784 Quaestiones
472 746 596 788 epicae
621 754 655 787 p.
675 747 717 777 23
743 747 816 778 not.
835 743 877 766 **
908 746 1038 778 Suidae
1063 747 1278 779 memoriam
1304 746 1495 780 defendere
1525 749 1690 781 conatur.
1730 747 1800 781 Na-

209 805 292 836 tura
322 803 432 836 huius
457 803 608 845 epitheti
633 804 825 845 perspecta
849 803 958 835 etiam
984 803 1021 835 id
1053 803 1293 846 redarguitur,
1326 803 1425 846 quod
1448 804 1618 838 Franzius
1643 804 1744 848 dixit,
1769 805 1801 838 si

210 860 256 892 ad
278 859 458 902 Apionem
481 859 700 892 Plistonicen
731 861 912 902 spectaret
944 860 1083 902 titulus,
1117 860 1312 893 articulum
1347 856 1476 903 (Ἀπίων
1502 860 1520 895 ὁ
1546 859 1799 907 Πλειστονίιιης)

211 916 418 949 desiderari.
467 916 517 949 Cf.
549 916 718 958 Olympia
740 916 771 948 V
802 926 836 959 p.
863 919 927 949 339
959 926 993 949 n.
1020 919 1098 959 225,
1124 919 1184 950 24:
1221 914 1380 962 Τιβερίου
1415 915 1592 952 Κλαυδίου
1626 915 1800 953 Θεσσαλοῦ

210 964 316 1019 Κῴου
343 971 610 1006 πλειστονείκου.
657 974 733 1006 Iam
759 973 795 1005 L.
813 973 1041 1006 Friedlander
1064 974 1339 1016 Darstellungen
1370 983 1436 1008 aus
1469 975 1533 1008 der
1563 976 1799 1018 Sittengesch.

208 1030 273 1063 der
297 1034 388 1063 rom.
405 1030 603 1063 Kaiserzeit
627 1029 680 1062 11⁰
704 1039 739 1072 p.
757 1032 822 1062 463
849 1032 925 1063 not.
944 1033 957 1062 4
989 1031 1068 1063 iure
1083 1032 1288 1073 meritoque
1305 1031 1497 1065 Letronnio
1522 1031 1718 1066 oblocutus
1733 1035 1799 1067 est.

210 1091 229 1119 2
262 1087 458 1129 Pleraeque
489 1087 638 1129 quidem
669 1087 778 1120 huius
812 1088 953 1129 generis
983 1088 1239 1130 inscriptiones
1269 1089 1313 1130 (n.
1332 1091 1396 1121 68⁰
1412 1089 1502 1132 sqq.)
1534 1089 1714 1123 Hadriano
1738 1090 1800 1123 de·

210 1153 311 1177 mum
330 1145 495 1187 principe
520 1145 556 1176 et
580 1145 664 1186 post
689 1153 775 1176 eum
799 1144 934 1177 incisae
952 1146 1047 1177 sunt.
1089 1145 1157 1177 Sed
1181 1153 1266 1177 cum
1291 1145 1421 1179 Strabo
1438 1145 1547 1189 XVII,
1565 1148 1597 1189 4,
1614 1148 1658 1179 46
1682 1155 1717 1189 p.
1734 1149 1800 1179 846

210 1210 248 1234 se
273 1210 359 1235 cum
375 1201 475 1234 Aelio
503 1201 601 1234 Gallo
626 1201 730 1234 illum
756 1210 887 1234 sonum
913 1201 1095 1235 audivisse
1115 1203 1246 1244 narret,
1272 1202 1417 1236 Tacitus
1432 1202 1557 1237 Annal.
1573 1203 1617 1246 11,
1635 1206 1671 1237 64
1702 1203 1800 1236 idem

209 1259 254 1291 de
279 1260 492 1292 Germanico
517 1259 668 1292 Caesare
702 1258 744 1299 (a.
769 1261 811 1291 49
837 1267 872 1301 p.
898 1258 978 1291 Chr.
1003 1259 1048 1300 n.)
1081 1260 1278 1292 memoriae
1308 1259 1452 1302 prodat,
1482 1269 1555 1293 non
1577 1261 1634 1294 est
1664 1269 1731 1294 cur
1755 1260 1801 1293 de
1855 1285 1858 1296 2

206 1316 356 1359 Apione,
382 1317 446 1358 qui
471 1315 610 1349 Claudii
634 1316 843 1358 principatu
867 1316 1059 1349 etiamtum
1085 1318 1271 1359 superstes
1295 1318 1374 1350 erat
1398 1317 1445 1358 (L.
1463 1317 1564 1351 Cohn
1587 1326 1645 1360 ap.
1669 1318 1800 1360 Pauly·
1854 1321 1858 1363 ξ

207 1373 390 1407 Wissowa
414 1373 691 1415 Realencyklop.
709 1374 734 1415 1,
753 1375 772 1405 2
798 1381 833 1415 p.
848 1373 949 1414 2804)
975 1372 1197 1416 dubitemus,
1222 1374 1438 1416 praesertim
1455 1382 1542 1407 cum
1566 1383 1651 1406 eum
1667 1371 1800 1420 Αἰγυπ-
1856 1399 1858 1401 .

207 1429 309 1464 τιακά
347 1430 571 1463 mirabilium
603 1430 854 1463 narrationum
890 1430 997 1472 plena
1033 1431 1225 1472 scripsisse
1261 1432 1413 1464 constet.
1460 1430 1696 1464 Memorabile
1731 1432 1798 1474 est,
1856 1469 1858 1473 ¹

207 1488 408 1520 Memnonis
438 1496 572 1520 nomen
604 1488 664 1520 hic
694 1496 765 1520 non
796 1488 910 1529 magis
944 1487 1013 1529 legi
1043 1497 1154 1530 quam
1186 1488 1284 1530 apud
1315 1487 1540 1531 Strabonem,
1571 1488 1672 1531 quod
1700 1487 1799 1531 apud
1856 1489 1858 1495 '

208 1544 362 1576 Plinium
387 1547 423 1577 et
440 1545 605 1577 Tacitum
631 1544 780 1577 demum
804 1546 841 1578 et
864 1545 901 1577 in
926 1545 1042 1577 titulis
1067 1545 1215 1578 alterius
1232 1554 1268 1588 p.
1286 1545 1366 1579 Chr.
1384 1555 1419 1579 n.
1444 1545 1580 1579 saeculi
1596 1539 1797 1588 comparet.

293 1735 383 1778 663
427 1738 538 1777 Infra
572 1738 804 1790 imaginem,
848 1749 930 1790 qua
975 1750 1195 1790 expressus
1241 1743 1303 1779 est
1342 1739 1532 1780 Claudius
1575 1740 1798 1792 imperator

207 1807 366 1847 duobus
399 1807 484 1846 deis
504 1806 712 1859 Aegyptiis
741 1806 866 1846 flores
898 1806 1084 1859 offerens,
1115 1804 1344 1847 Denderah
1372 1809 1413 1847 in
1444 1809 1628 1848 orientali
1655 1808 1797 1860 templi

206 1877 344 1929 magni
363 1878 493 1928 parte.
546 1876 608 1915 Ex
627 1876 813 1927 Legraini
835 1875 1076 1928 apographo
1099 1876 1223 1914 edidit
1243 1879 1283 1915 et
1303 1877 1596 1916 commentario
1617 1877 1795 1916 illustra-

205 1945 265 1984 vit
284 1945 329 1984 P.
350 1945 525 1996 Jouguet
545 1944 644 1984 Bull.
669 1944 719 1984 de
741 1955 844 1984 corr.
867 1944 966 1983 Hell.
989 1944 1079 1982 XIX
1102 1941 1243 1998 (4895)
1263 1956 1304 1996 p.
1325 1944 1406 1985 523
1425 1956 1512 1996 sqq.
1545 1942 1659 1998 (Rev.
1680 1943 1792 1984 arch.

206 2013 426 2052 Troisieme
456 2013 534 2052 ser.
557 2012 685 2051 XXIX
719 2012 827 2052 4896
859 2025 900 2065 p.
925 2012 1006 2052 395
1037 2024 1078 2051 n.
1102 2010 1183 2064 79).

312 2120 434 2178 Ὑπὲρ
480 2122 681 2178 [Τιβερίου
734 2122 956 2178 Κλ]αυδίου
1010 2121 1219 2179 Καίσαρος
1263 2123 1484 2179 Σεβαστο[ὄ
1530 2122 1795 2180 Γε]ρμανικοῦ’

322 2189 654 2246 αὐτοίκράτορος1
709 2191 903 2247 εἰρή[ν]ης
959 2191 1029 2233 καὶ
1085 2191 1285 2247 ὁμονοία[ς
1341 2191 1448 2246 το]ὺς
1496 2193 1792 2248 προκειμέ[νους

320 2258 490 2313 θ]εούς2,
523 2257 588 2299 ἐπὶ
622 2258 626 2313 Ι
660 2259 831 2300 Λευκίου
859 2258 1050 2315 Αἰμιλίου
1071 2256 1286 2316 Ῥήῂτουῧ
1305 2260 1516 2317 ἡγ]εμόνος
1545 2259 1629 2316 [καὶ
1658 2259 1793 2317 Τ]ιβε-

296 2386 452 2417 Litterae
477 2386 588 2425 ΘΠΣ;
613 2390 642 2417 0
663 2385 804 2417 minore
822 2394 932 2426 quam
950 2386 1110 2428 reliquae
1129 2386 1276 2419 modulo
1294 2387 1450 2420 exarata.
1550 2389 1564 2418 4
1595 2386 1634 2419 Α.
1655 2387 1789 2419 44-54

204 2451 238 2484 p.
263 2441 344 2474 Chr.
368 2450 402 2474 n.
521 2443 540 2472 2
571 2440 640 2479 Qui
673 2441 876 2483 anaglypho
909 2443 945 2474 in
976 2444 1045 2475 hoc
1078 2443 1197 2485 lapide
1230 2444 1392 2485 expressi
1422 2444 1518 2476 sunt.
1564 2442 1613 2476 Cf.
1645 2442 1789 2475 lemma.
1827 2436 1840 2484 j

205 2501 223 2530 3
255 2498 354 2530 Idem
379 2498 489 2530 homo
514 2499 658 2539 praeter
681 2498 777 2530 hunc
810 2499 959 2531 titulum
993 2508 1173 2541 nusquam
1198 2501 1518 2542 commemoratur,
1550 2499 1614 2532 sed
1645 2507 1791 2532 summa

203 2564 289 2588 cum
318 2553 576 2596 probabilitate
608 2554 646 2587 E.
670 2554 776 2586 Klebs
809 2555 1123 2598 Prosopographia
1152 2557 1239 2598 imp.
1269 2565 1360 2589 rom.
1385 2556 1400 2588 I
1430 2565 1465 2598 p.
1485 2558 1527 2588 36
1560 2564 1594 2588 n.
1613 2557 1678 2587 278
1709 2556 1789 2588 eius
1820 2548 1824 2552 ’

202 2613 344 2655 patrem
370 2610 481 2644 fuisse
504 2611 671 2654 coniecit,
702 2612 765 2653 qui
789 2620 883 2644 anno
911 2613 950 2644 44
977 2621 1012 2654 p.
1031 2612 1111 2645 Chr.
1138 2612 1266 2645 eodem
1295 2611 1467 2654 praefecti
1491 2611 1645 2654 Aegypti
1669 2611 1788 2646 officio

202 2668 349 2701 functus
373 2669 484 2709 esset;
510 2667 553 2700 cf.
579 2667 725 2700 Cassius
743 2668 810 2700 Dio
827 2667 927 2710 LVII,
946 2670 1000 2710 40,
1019 2671 1057 2701 5:
1083 2665 1339 2713 Αίμιλίῳ.γοῦν
1359 2663 1494 2712 Ῥήιτῳ
1518 2666 1682 2713 χρήματά
1705 2677 1789 2701 ποτε
1820 2707 1821 2713 ¹

203 2723 297 2771 αὐτῷ
328 2724 482 2766 (Tiberio
508 2724 661 2766 Caesari)
695 2722 802 2758 πλείω
835 2723 926 2770 παρὰ
957 2724 995 2758 τὸ
1027 2723 1231 2770 τεταγμένον
1263 2721 1303 2757 ἐκ
1334 2728 1396 2770 τῆς
1419 2721 1595 2769 Αἰγύπτου
1625 2723 1667 2769 ἧς
1698 2722 1788 2770 ἦρχε

202 2780 374 2828 πέμψαντι
400 2779 653 2815 ἀντεπέστειλεν
680 2779 730 2814 ὄτι
753 2778 925 2826 κείρεσθαί
945 2792 1011 2825 μου
1035 2780 1079 2826 τὰ.
1096 2779 1260 2827 πρόβατα,
1286 2775 1361 2814 ἀλλ’
1378 2779 1440 2815 οὐκ
1464 2779 1689 2826 ἀποξῦρεσθαι
1707 2779 1787 2826 βού-

201 2838 315 2883 λομαι.
369 2839 533 2872 Eundem
571 2847 651 2872 esse
684 2839 838 2872 Senecae
875 2838 1083 2882 philosophi
1118 2838 1354 2880 avunculum,
1391 2847 1500 2880 quem
1536 2839 1567 2872 is
1603 2838 1707 2872 Cons.
1739 2835 1809 2870 ad'
1855 2836 1858 2841 '

202 2896 364 2930 Helviam
392 2898 433 2929 49
459 2905 524 2939 per
548 2895 705 2930 sedecim
731 2904 842 2929 annos
869 2894 952 2937 (fere
980 2898 1090 2928 4-47
1116 2905 1149 2938 p.
1174 2895 1267 2936 Chr.)
1291 2895 1498 2938 Aegyptum
1523 2895 1725 2929 obtinuisse
1748 2894 1787 2927 et
1835 2906 1846 2950 ἔτ
