1858 3126
254 148 336 189 638

249 283 358 332 αὐχήν
370 293 378 301 ·
403 283 478 329 περὶ
492 283 648 330 κορυφὴν
665 281 837 330 Ταυρείων
855 282 1008 331 αὐχένων

296 341 374 384 383,
393 346 454 374 126

247 396 420 444 ἀφεδρών·
456 396 663 444 ἀφεδρώνων
700 398 778 443 483,
809 405 884 434 220.
939 403 1006 433 τῶν

294 453 471 501 δημοσίων
512 454 718 501 ἀφεδρώνων
758 456 816 490 καὶ
855 461 922 490 τῶν
972 454 1007 495 ἐξ

293 511 405 546 αὐτῶν
432 511 612 558 ὑπονόμων
637 513 715 557 483,
736 519 797 547 221

245 568 411 615 ἀφειδέω·
437 569 500 604 οὐκ
525 569 647 617 ὀλίγων
672 570 904 617 ἀφειδήσαντα
920 582 1007 618 χρη-

294 626 411 672 μάτων
439 628 517 671 640,
540 634 579 662 12

245 682 406 729 ἀφειδής·
439 683 612 723 ἐπιθύσεις
638 685 791 732 ἀφειδεῖς
814 684 1005 730 λιβανωτοῦ

290 741 349 775 καὶ
373 741 564 788 ἀρωμάτων
591 742 669 786 383,
691 749 753 776 142

245 797 458 845 ἀφηγέομαι·
492 799 527 833 ἐν
551 804 627 838 ταῖς
656 799 913 845 ἀφηγουμέναις
936 804 1005 833 τῶν

292 855 490 901 διοικήσεων
529 857 666 891 πόλεσιν
703 857 782 901 458,
817 864 869 891 65.
924 856 1005 895 τοὺς

291 911 577 959 ἀφηγησαμένους
647 919 715 948 τῶν
784 913 1003 949 ἀποστάντων

290 970 345 1013 90,
366 976 404 1003 27

242 1024 433 1073 ἄφθαρτος·
469 1031 531 1072 τῆς
563 1027 703 1062 αἰωνίου
735 1028 794 1062 καὶ
825 1027 1003 1075 ἀφθάρτου

293 1083 463 1129 βασιλείας
488 1083 583 1130 ὑμῶν
610 1085 689 1129 569,
709 1091 748 1118 24

243 1139 411 1186 ἄφθονος·
434 1146 606 1188 κρατῆρας
622 1141 827 1188 ὑποληνίους
849 1142 1002 1189 ἀφθόνου

288 1197 463 1243 κράματος
495 1197 637 1243 πληρῶν
670 1200 749 1243 383,
770 1206 845 1235 147.
884 1199 1003 1246 ὑδρεύ-

290 1267 388 1300 μασιν
413 1254 575 1302 ἀφθόνοις
602 1257 679 1300 701,
700 1264 739 1291 12

243 1311 410 1358 ἀφιερόω·
435 1311 458 1357 ἡ
485 1312 584 1351 πόλις
600 1314 639 1348 τὸ
661 1313 871 1361 προπύλαιον
889 1315 948 1350 σὺν
963 1316 1006 1362 τῇ

289 1370 370 1415 στοᾷ
404 1369 592 1417 ἀφιέρωσεν
629 1371 708 1415 625,
741 1379 772 1406 6.
828 1371 1003 1419 ἀφιέρωσα

288 1427 366 1470 383,
394 1434 447 1461 85.
499 1427 685 1475 ἀφιέρωσεν
716 1429 794 1472 531,
825 1436 875 1462 13.
925 1429 1003 1475 ἀφι-

286 1482 401 1529 ερώθη
439 1484 456 1518 ὁ
492 1484 617 1531 πύργος
655 1486 732 1529 615,
760 1492 790 1520 2.
842 1485 921 1524 τοὺς
955 1505 1003 1511 —-

286 1540 442 1578 αἰωνίους
467 1539 684 1587 Αὐγούστους
707 1543 750 1588 τῇ
777 1541 916 1588 συνήθει
940 1556 1002 1577 κα-

286 1596 447 1632 θοσιώσει
466 1597 653 1646 ἀφιέρωσεν
672 1600 748 1643 723,
769 1607 799 1634 9.
842 1599 1001 1644 βασιλεὺς

286 1653 391 1701 μέγας
409 1651 575 1702 Ἀντίοχος
598 1654 787 1701 ἀφιέρωσεν
811 1658 874 1702 τὴν
900 1657 999 1691 πόλιν

284 1712 327 1758 τῇ
358 1710 465 1759 Λητῷ
495 1712 554 1746 καὶ
583 1713 632 1758 τῷ
654 1709 839 1748 Ἀπόλλωνι
870 1713 929 1747 καὶ
957 1715 999 1760 τῇ

285 1765 451 1815 Ἀρτέμιδι
477 1770 553 1813 746,
574 1776 591 1803 2

238 1825 381 1872 ἀφίημι·
420 1827 449 1860 1.
482 1826 556 1861 τινά
581 1837 687 1866 τινος·
721 1832 783 1873 τῆς
812 1827 849 1862 δὲ
881 1828 999 1862 συντά-

285 1882 367 1922 ξέως
406 1883 534 1930 ἀφίημι
568 1884 640 1930 τὴμ
680 1883 865 1930 Πριηνέωμ
900 1885 998 1919 πόλιν

286 1942 472 1983 1,13-15.
514 1947 544 1975 2.
569 1940 632 1975 τινί
648 1951 694 1975 τι·
718 1941 780 1976 ὅσα
794 1961 840 1967 -—·
854 1941 918 1977 ὑπὸ
930 1949 998 1978 τῶν

285 1996 451 2042 βασιλέων
491 1995 605 2044 ἀφέθη
644 1999 723 2041 435,
765 2007 794 2032 9.
857 1999 997 2045 ἀφεῖκεν

284 2054 362 2096 436,
381 2061 411 2087 8.
451 2059 519 2087 τῶν
543 2073 591 2079 -
613 2055 791 2099 προσόδων
813 2056 871 2090 καὶ
894 2069 996 2102 φορο-

283 2109 406 2156 λογιῶν
430 2110 492 2148 τὰς
517 2123 579 2155 μεν
602 2130 650 2136 -
672 2112 720 2149 εἰς
744 2111 842 2150 τέλος
863 2112 995 2159 ἀφῆκεν

284 2168 398 2210 90,12

237 2223 419 2269 ἀφίστημι·
436 2223 515 2263 τοὺς
527 2223 815 2271 ἀφηγησαμένους
828 2231 895 2260 τῶν
909 2195 994 2261 ἀπο-

284 2280 431 2315 στάντων
457 2282 512 2324 90,
532 2287 586 2315 27.
631 2282 694 2325 τὴν
724 2280 881 2328 Θηβαΐδα
911 2283 995 2318 ἀπο-

283 2342 404 2373 στᾶσαν
420 2358 467 2363 -
481 2338 624 2383 νικήσας
641 2339 721 2382 654,
732 2345 762 2373 2.
792 2340 995 2386 πειράσομαι

281 2395 339 2428 καὶ
362 2399 421 2429 νῦν
445 2399 508 2440 τῆς
531 2394 691 2442 τοιαύτης
722 2396 916 2442 προθέσεως
943 2398 991 2444 μὴ

280 2451 487 2497 ἀφίστασθαι
512 2453 590 2496 763,
611 2460 650 2486 44

235 2507 420 2554 ἀφόρητος·
446 2507 621 2554 ἀφορήτου
644 2513 743 2543 πᾶσιν
769 2509 863 2549 ὄντος
881 2512 957 2555 515,
974 2520 991 2546 8

235 2564 381 2612 ἀφορία·
418 2565 454 2599 αἱ
485 2565 718 2612 έπιγενόμεναι
748 2567 837 2602 κατὰ
865 2568 905 2602 τὸ
935 2579 992 2602 συ-

280 2623 378 2670 νεχὲς
402 2621 539 2670 ἀφορίαι
561 2625 621 2656 τοῦ
647 2622 737 2657 σίτου
764 2625 841 2668 339,
861 2632 900 2659 57

234 2680 405 2727 ἀφορίζω·
445 2679 605 2726 ἀφορίσαι
640 2679 745 2714 αὐτῶι
785 2677 990 2728 (Ἀντιγόνωι)

279 2737 420 2782 τέμενος
445 2738 476 2781 6,
496 2743 536 2771 20

234 2793 374 2842 ἀφορμή
401 2795 478 2837 508,
499 2801 550 2828 10.
592 2793 632 2828 ἐκ
654 2793 813 2839 τοιαύτης
833 2793 991 2841 ἀφορμῆς

279 2852 358 2895 484,
377 2858 431 2885 34.
472 2850 631 2896 οὐδεμιᾶς
656 2850 696 2885 ἂν
713 2850 781 2885 ἀπὸ
797 2850 930 2896 ἡμέρας
945 2869 992 2876 -—

281 2907 423 2947 ἕκαστος
440 2927 483 2934 —-
502 2908 745 2955 εὐτυχεστέρας
769 2907 869 2953 λάβοι
885 2906 990 2954 ἀφορ·

969 146 1120 180 Indices.

1127 282 1193 328 μάς
1210 283 1289 327 458,
1310 290 1361 318 13.
1395 282 1454 318 ἵνα
1469 282 1611 330 ἀφορμὴ
1628 282 1758 330 γένοιτο
1773 288 1836 330 τῆς

1125 340 1173 378 εἰς
1195 341 1253 375 τὸν
1280 338 1451 386 Σεβαστὸν
1476 344 1579 386 τιμῆς
1602 340 1682 384 458,
1702 348 1742 375 16

1079 396 1334 445 ἀφορολόγητος
1351 398 1429 442 228,
1449 406 1480 432 7.
1519 396 1776 445 ἀφορολόγητος
1791 397 1834 444 ἠν

1123 454 1146 500 ἡ
1165 455 1264 493 πόλις
1283 455 1424 500 223,23.
1456 454 1734 501 ἀφορολογήτους
1749 454 1836 490 εἶναι

1125 516 1367 559 συγχωροῦμεν
1392 510 1503 558 (ὑμᾶς)
1529 512 1607 556 223,
1626 518 1667 546 26

1077 567 1248 615 ἀφοσιόω·
1276 569 1460 604 κατάλυσιν
1491 567 1539 604 ὧν
1563 569 1753 617 ἀφωσίωκα
1773 569 1835 605 θυ-

1124 632 1205 660 σιῶν
1235 628 1314 671 383,
1333 633 1410 662 202.
1455 632 1523 661 τῶν
1554 626 1702 673 πατρίων
1733 626 1833 672 ἡμῶν

1124 682 1214 718 θεῶν
1240 683 1360 718 ἐνθάδε
1395 683 1490 727 (ἐκεῖ)
1522 683 1777 731 ἀφωσιωμένων
1799 684 1834 718 ἐν

1122 745 1218 778 ναοῖς
1244 742 1322 785 595,
1342 749 1395 776 1ο.
1414 748 1454 775 24

1076 797 1234 846 ἄφρακτα
1258 798 1363 833 πλοῖα
1388 800 1466 843 773,
1484 806 1503 833 4

1076 854 1242 903 ἀχρειόω·
1264 855 1384 901 μηδενὶ
1400 855 1523 895 ἐξέστω
1542 855 1630 902 μήτε
1647 854 1834 899 ἀπαλεῖψαι

1124 912 1211 957 μήτε
1235 911 1409 960 ἀχρεῶσαι
1434 913 1572 957 573,16

1075 968 1188 1017 ἄχυρα
1213 971 1291 1013 527,
1309 978 1340 1004 5.
1365 970 1443 1014 629,
1463 977 1502 1005 87

1077 1083 1276 1129 βαλανεῖον·
1303 1083 1360 1118 ἐπὶ
1377 1082 1567 1129 βαλανείων
1582 1087 1643 1119 τοῦ
1661 1083 1832 1130 Σεβαστοῦ

1122 1141 1200 1185 714,
1220 1149 1237 1176 s

1076 1197 1278 1245 βαρβαρικὸς
1302 1197 1438 1245 ψυκτήρ
1461 1198 1539 1242 214,
1558 1205 1600 1232 47

1075 1254 1239 1300 βάρβαροι
1266 1255 1342 1299 199,
1361 1262 1414 1291 20.
1439 1256 1518 1299 763,
1538 1263 1590 1290 ιο.
1616 1256 1829 1300 765,15.1σ.

1123 1320 1176 1347 19.
1195 1318 1247 1347 21.
1267 1319 1308 1347 32

1075 1369 1187 1416 βαρέω
1197 1379 1206 1387 ·
1222 1369 1266 1403 τὰ
1281 1369 1490 1415 ἀναλώματα
1506 1388 1550 1394 -
1567 1369 1703 1408 ἑαυτοῖς
1721 1369 1831 1416 ἐλογι-

1120 1425 1264 1471 σάμεθα,
1292 1425 1351 1460 ἵνα
1381 1427 1430 1472 μὴ
1453 1427 1516 1472 τὴν
1543 1426 1642 1461 πόλιν
1671 1426 1829 1471 βαρῶμεν

1119 1484 1196 1527 595,
1220 1491 1271 1518 15.
1325 1481 1442 1521 αὐτοῖς
1471 1483 1666 1530 ἐλογίσαντο
1693 1482 1752 1519 ἵνα
1779 1484 1828 1530 μὴ

1116 1541 1179 1586 τὴν
1204 1540 1301 1574 πόλιν
1328 1539 1474 1586 βαρῶσιν
1500 1541 1578 1584 595,
1596 1547 1637 1575 29

1073 1598 1225 1644 βαρύνω·
1248 1596 1305 1632 ἵνα
1329 1597 1367 1631 δὲ
1392 1597 1594 1644 μηδαμόθεν
1620 1596 1748 1646 βαρύνῃ
1767 1597 1828 1636 τὰς

1116 1655 1202 1701 πρὸς
1231 1654 1405 1701 ἀλλήλους
1437 1653 1647 1701 συναλλαγαῖς
1671 1655 1750 1699 669,
1774 1662 1827 1689 18.

1118 1712 1167 1758 μὴ
1193 1711 1428 1758 βαρυνομένην
1451 1715 1582 1750 καινοῖς
1611 1711 1670 1746 καὶ
1699 1711 1828 1750 ἀδίκοις

1116 1770 1306 1817 εἰσπράξεσι
1330 1770 1408 1813 669,
1427 1778 1445 1804 5

1072 1826 1240 1872 βασιλεία·
1275 1827 1304 1861 1.
1340 1825 1484 1871 reyium
1510 1825 1711 1871 imperium
1740 1837 1829 1871 pas-

1115 1883 1199 1919 sim.
1243 1875 1290 1930 ιη’
1313 1883 1380 1918 ἔτει
1403 1888 1466 1930 τῆς
1489 1882 1622 1917 ἐκείνου
1643 1882 1826 1928 βασιλείας.

1117 1942 1195 1984 331,
1222 1949 1275 1975 4ο.
1329 1940 1396 1974 ἔτει
1430 1945 1493 1986 τῆς
1530 1938 1618 1984 ἐμῆς
1653 1939 1825 1984 βασιλείας
1857 1978 1858 1981 ¹

1114 1997 1256 2042 εἰκοστῷ
1267 1996 1406 2042 ἑβδόμῳ
1434 1996 1514 2048 199ι
1529 2003 1581 2031 39.
1618 1996 1824 2043 παραλαβὼν
1856 2005 1858 2022 ³

1112 2054 1174 2098 τὴν
1198 2052 1369 2098 βασιλείαν
1396 2052 1472 2096 219,
1493 2059 1523 2086 3.
1563 2051 1736 2092 Φίλιππος
1752 2053 1790 2088 δὲ
1807 2054 1825 2089 ὀ
1856 2058 1858 2101 j

1112 2108 1271 2144 Φιλίππω
1299 2109 1359 2143 καὶ
1385 2106 1600 2155 Ἀλέξανδρος
1631 2109 1649 2144 ὀ
1676 2107 1826 2151 Ἀλεξάν-
1856 2104 1858 2138 ¹}

1113 2166 1183 2211 δρω
1214 2166 1285 2211 τάμ
1316 2165 1485 2211 βασιλείαν
1516 2166 1710 2214 παρέλαβον
1741 2170 1773 2211 4,
1791 2177 1822 2203 4.
1856 2168 1858 2171 ’

1111 2222 1318 2268 παραλαβὼν
1357 2223 1450 2269 παρὰ
1487 2227 1548 2258 τοῦ
1587 2224 1714 2269 πατρὸς
1759 2225 1822 2271 τὴν
1857 2214 1858 2218 ¹

1112 2279 1280 2325 βασιλείαν
1294 2279 1466 2327 Αἰγύπτου
1484 2280 1558 2315 κτλ.
1572 2282 1627 2324 54,
1637 2289 1667 2315 5.
1682 2287 1712 2316 6.
1744 2275 1823 2315 ἐν
1797 2295 1820 2329 ῃ

1110 2336 1301 2383 παρέλαβεν
1335 2338 1399 2382 τὴν
1435 2336 1605 2383 βασιλείαν
1635 2337 1728 2385 παρὰ
1760 2341 1851 2377 τοῦ

1110 2395 1236 2441 πατρός
1261 2395 1316 2438 56,
1341 2402 1371 2429 6.
1418 2394 1461 2442 ἣν
1493 2394 1510 2429 ὁ
1543 2395 1656 2440 πατὴρ
1685 2394 1822 2440 στέρξας

1110 2451 1284 2497 ὠνόμασεν
1310 2452 1367 2486 ὁτὲ
1391 2451 1454 2496 μὲν
1482 2450 1663 2496 βασιλείαν,
1693 2451 1751 2486 ὁτὲ
1782 2451 1822 2486 δὲ

1110 2507 1226 2554 ὅρασιν
1245 2507 1347 2543 αὑτοῦ
1373 2509 1427 2552 56,
1447 2514 1500 2542 56.
1516 2509 1610 2541 -2.
1628 2366 1858 2576 ἰεννανσφίξ

1108 2564 1253 2600 subdita
1276 2565 1355 2608 224,
1375 2570 1428 2598 22.
1468 2563 1536 2598 ἀπὸ
1560 2570 1628 2598 τῶν
1644 2569 1707 2610 τῆς
1732 2565 1858 2612 ἐμῆςξ

1110 2622 1278 2668 βασιλείας
1301 2623 1415 2657 τόπων
1443 2622 1519 2664 199,
1540 2628 1591 2656 14.
1633 2621 1736 2668 μέχρι
1750 2626 1819 2656 των

1109 2679 1208 2727 ὁρίων
1243 2684 1307 2726 τῆς
1339 2678 1424 2717 ἰδίας
1457 2677 1627 2723 βασιλείας
1660 2625 1858 2887 248,15.ἔ

1108 2735 1254 2775 ἅπαντες
1302 2736 1334 2771 οἱ
1379 2731 1458 2770 κατ’
1509 2735 1598 2781 ἐμὴν
1645 2734 1818 2780 βασιλείαν

1109 2795 1186 2838 383,
1206 2801 1260 2828 81.
1288 2812 1324 2818 —
1353 2793 1386 2827 3.
1414 2791 1562 2837 ὑηεόρπο
1589 2791 1697 2837 reqm'
1725 2790 1820 2836 quod

1107 2850 1224 2895 capiti
1242 2849 1448 2894 vmponitur
1472 2850 1525 2891 56,
1544 2856 1597 2883 61.
1618 2855 1671 2883 62.
1690 2855 1742 2883 63.
1763 2855 1815 2882 67.

1853 2842 1858 2878 Ι

1107 2909 1162 2950 90,
1184 2915 1211 2942 1.
1231 2915 1284 2941 45.
1323 2906 1384 2944 τὰς
1407 2909 1467 2940 τοῦ
1498 2905 1661 2951 βασιλέως
1687 2907 1844 2952 χρυσᾶς
1830 2879 1858 2932 ἐξ
