1858 3126
197 150 279 190 716

244 285 510 331 ἐπιμελούμενος
542 282 591 321 ἵν’
616 285 768 334 ὑγιαίνῃς
802 287 878 330 168,
898 294 952 321 30.

243 341 382 389 ὑγιαίνω
408 343 444 377 δὲ
467 343 527 377 καὶ
551 343 653 382 αὐτὸς
672 343 758 388 μετὰ
776 347 837 378 τοῦ
855 354 953 390 στρα-

240 400 406 445 τεύματος
430 401 509 445 453,
529 408 559 435 9.
607 399 823 448 ὑγιαινόντων
853 399 953 446 ἡμῶν

909 149 1059 183 Indices.

1069 286 1149 325 τοὺς
1174 284 1209 320 ἐν
1240 289 1313 325 τοῖς
1343 285 1521 332 ὑπαίθροις
1552 287 1779 333 τασσομένους

1069 343 1148 387 229,
1168 350 1207 377 71

1026 398 1175 448 ὑπαρχία
1199 401 1276 444 238,
1299 408 1328 436 1.
1367 399 1532 448 ὑπαρχίαι
1555 402 1633 447 532,
1653 410 1693 437 37

242 457 300 492 καὶ
325 457 557 506 εὐτυχούντων
591 458 668 502 214,
691 465 743 492 19.
787 457 892 503 ἡμεῖς
916 458 955 492 δὲ
1025 456 1177 505 ὕπαρχος
1202 458 1280 502 225,
1300 465 1340 493 36

243 513 437 561 ὑγιαίνομεν
464 517 542 559 257,
562 523 592 550 3.
628 515 724 563 κάγῳ
749 515 787 550 δὲ
805 514 950 562 ὑγίαινον

243 572 321 616 315,
343 579 395 606 11.
414 578 467 607 28.
488 580 540 608 40.
559 580 613 608 46.
654 571 812 619 ὑγιαίνειν
838 572 875 607 δὲ
898 572 957 607 καὶ

242 628 342 663 αὐτὸν
378 630 436 664 καὶ
471 631 534 676 τὴν
571 629 765 674 βασίλισσαν
801 629 860 664 καὶ
894 629 955 668 τὰς

242 686 402 730 δυνάμεις
428 687 505 731 730,
526 695 542 721 3

197 741 304 788 ὑγίεια
337 744 392 787 90,
413 751 466 779 35.
500 744 575 787 168,
603 752 656 778 55.
689 744 766 787 332,
787 750 816 778 3.
870 742 954 789 ὑπὲρ

244 799 411 847 σωτηρίας
435 799 494 835 καὶ
518 799 630 846 ὑγείας
656 801 733 844 618,
753 807 770 833 2

198 855 310 903 ὑγιής·
338 855 529 903 ὑγιέστατον
556 856 749 892 ἀνθύπατον
776 858 853 899 568,
874 864 890 891 6

198 912 368 960 ὕδρευμα·
394 914 515 960 ὀρύξας
538 915 595 949 τὸν
613 914 743 949 λάκκον
760 918 820 949 τοῦ
837 914 955 960 ὑδρεύ-

242 983 348 1016 ματος
379 972 457 1014 717,
477 979 506 1005 7,
577 970 771 1017 ὑδρεύματα
804 972 954 1015 200,17.

243 1027 390 1062 ὁδὸν-
414 1027 616 1073 ὑδρεύμασιν
638 1026 801 1075 ἀφθόνοις
817 1047 864 1053 -
879 1028 955 1062 διει-

242 1084 424 1130 λημμένην
451 1086 528 1128 701,
550 1091 589 1120 12

196 1141 412 1189 ὑδροφορέω·
437 1140 620 1188 ὑδροφόρει
638 1142 661 1187 ἡ
680 1141 833 1190 θυγάτηρ
852 1141 955 1177 αὐτοῦ

243 1196 369 1245 Χρυσῳ
398 1200 474 1243 193,
496 1207 532 1233 14

132 1290 135 1293 ,
196 1256 386 1303 ὑδροφόρος
410 1254 598 1303 Ἀρτέμιδος
623 1255 775 1303 Πυθείης
799 1258 878 1301 226,
899 1265 913 1291 1

196 1313 305 1360 ὕδωρ·
338 1313 429 1359 πλὴν
455 1313 533 1348 ὅσον
558 1313 655 1349 ὕδατι
679 1314 851 1360 ἀπόρρουν
876 1315 954 1358 483,

249 1378 321 1406 132.
364 1371 403 1406 ἐκ
435 1374 496 1406 τοῦ
521 1371 739 1419 εἰσαχθέντος
765 1371 887 1410 ὕδατος
910 1391 956 1397 --

243 1428 299 1463 ἐπὶ
331 1426 483 1464 Οὐλπίου
510 1427 682 1475 Τραϊανοῦ
711 1432 772 1463 τοῦ
803 1428 956 1464 ἀνθυπά-

242 1498 302 1520 του
328 1487 406 1528 477,
429 1493 457 1519 1.
499 1484 669 1531 Τραϊανοῦ
687 1484 808 1524 ὕδατος
833 1486 955 1529 478,1.

244 1541 350 1577 ὕδατα
374 1541 488 1588 θερμά
523 1543 598 1586 199,
620 1550 671 1576 11.
719 1542 851 1590 ἀγωγὸς
875 1542 956 1577 ὑδά-

243 1612 310 1634 των
328 1599 579 1646 εἰσφερομένων
599 1599 646 1638 είς
663 1597 805 1634 Κάνατα
831 1600 908 1644 618,
925 1608 954 1634 9.

245 1655 376 1691 ὑδάτων
403 1654 574 1703 Καίσαρος
592 1658 677 1701 629,
699 1664 761 1691 115

197 1713 270 1752 υἱός
289 1713 371 1757 (ὑός)
390 1714 548 1759 passim.
572 1734 618 1739 —
642 1713 806 1760 Παρδαλᾶ
821 1714 880 1748 καὶ
895 1717 955 1748 τοῦ

245 1771 357 1817 δήμου
382 1775 442 1806 τοῦ
470 1769 667 1818 Σαρδιανῶν
692 1772 767 1806 υἱοῦ
792 1772 870 1815 470,
891 1779 930 1805 10

198 1827 279 1874 ὕλη·
305 1829 354 1867 εἰς
379 1829 416 1863 δὲ
440 1828 629 1877 ἡμετέρους
648 1832 872 1876 χαρακτῆρας
890 1841 955 1874 μη·
990 1854 993 1864 .

246 1885 299 1920 δέν
325 1898 357 1920 τι
380 1890 442 1931 τῆς
474 1885 559 1932 ὕλης
589 1886 722 1931 ἐκείνης
755 1885 954 1932 μεταφέρειν

245 1944 322 1987 508,
346 1950 383 1977 13

199 1998 329 2045 ὑμνέω·
356 1999 536 2045 ὑμνεῖσθαι
563 2002 616 2044 56,
638 2007 677 2034 66

199 2056 303 2101 ὕμνος
329 2058 480 2100 309,10.
502 2064 553 2091 11.
606 2056 664 2095 οὓς
694 2056 734 2091 ἄν
766 2055 892 2101 ὕμνους
923 2056 955 2090 οἱ

246 2113 526 2160 ἱερογραμματεῖς
557 2113 744 2159 γράψαντες
776 2113 876 2147 δῶσιν
907 2113 957 2159 τῷ

247 2167 511 2216 ᾤδοδιδασκοίλῳ
538 2171 592 2214 56,
613 2177 665 2204 69.
713 2170 773 2204 καὶ
804 2169 956 2210 ἐπιτάξαι

244 2231 317 2266 τοῖς
343 2227 467 2274 ἱερεῦσι
490 2227 551 2262 καὶ
569 2226 784 2273 ἱεροψάλταις
810 2226 864 2261 ἐπὶ
887 2231 953 2260 τῶν

245 2284 360 2330 ὕμνων
388 2283 583 2332 μεμνῆσθαι
607 2284 709 2319 αὑτοῦ
735 2284 812 2327 737,
835 2291 872 2317 17

200 2341 417 2389 ὑπαγορεύω·
453 2342 530 2387 μίαν
555 2342 638 2387 πρὸς
663 2341 748 2376 αὐτὰ
774 2341 825 2384 (τὰ
849 2339 955 2386 ψηφί-

245 2402 364 2443 σματα)
391 2398 607 2446 ὑπηγόρευσα
631 2398 793 2444 ἐπιταγήν
819 2397 896 2441 333,
913 2404 929 2431 9

203 2454 383 2502 ὕπαιθρος·
409 2456 466 2490 ἐὰν
493 2456 529 2489 δὲ
556 2455 573 2489 ὁ
596 2456 657 2500 μὲν
682 2455 848 2501 προσοικῇ
870 2454 954 2499 πρὸς

244 2513 292 2559 τῷ
312 2512 429 2559 τοίχῳ,
456 2511 473 2546 ὁ
499 2512 535 2546 δὲ
554 2510 708 2557 ὑπαίθρῳ
725 2515 851 2559 χρῆται
873 2511 953 2554 483,

248 2577 323 2604 106.
373 2568 390 2603 ὁ
416 2569 454 2604 δὲ
482 2567 639 2613 ὑπαίθρῳ
664 2570 842 2615 χρώμενος
873 2568 952 2612 483,

249 2635 323 2663 108.
365 2626 414 2672 μὴ
448 2624 648 2660 ποιείτωσαν
679 2623 890 2672 ὑψηλότερον
914 2625 952 2659 τὸ

248 2685 374 2731 ἔδαφος
389 2687 449 2719 τοῦ
463 2683 583 2717 λοιποῦ
599 2681 766 2728 ὑπαίθρου
785 2683 862 2726 483,
877 2690 952 2717 131.

245 2739 424 2786 ὑπαίθροις
438 2740 529 2776 οὖσιν
544 2742 627 2783 (τοῖς
638 2739 775 2786 τοίχοις)
791 2740 953 2783 483,122.

247 2797 408 2844 ὕπαιθροι
433 2797 547 2835 ἱππεῖς
570 2796 629 2831 καὶ
653 2802 851 2842 στρατιῶται
876 2797 954 2840 229,

249 2864 288 2890 14
303 2867 384 2900 sqq.
423 2859 491 2888 τῶν
507 2867 543 2889 τε
567 2853 655 2888 κατὰ
672 2853 771 2888 πόλιν
794 2855 852 2888 καὶ
867 2854 956 2888 κατὰ

245 2913 287 2946 τὰ
335 2910 483 2957 ὕπαιθρα
528 2910 744 2957 τασσομένων
792 2911 869 2954 229,
902 2918 956 2946 50.

1025 513 1188 562 ὑπάρχω·
1212 514 1297 550 εἶναι
1321 514 1422 550 αὐτὸν
1445 514 1603 562 πρόξενον
1626 534 1673 541 -
1697 516 1782 561 μετὰ
1843 500 1858 566 ἰ

1070 577 1138 606 τῶν
1164 570 1387 619 ὑπαρχόντων
1412 573 1490 616 773,
1510 580 1527 608 8

1026 627 1304 677 ὑπασχολέομαι·
1328 634 1396 665 τῶν
1412 629 1726 678 ὑπασχολουμένων
1745 631 1779 666 ἐν
1849 643 1858 683 ‘j

1071 687 1117 733 τῇ
1142 684 1322 733 οἰκονομίᾳ
1353 686 1410 722 διὰ
1439 692 1502 734 τῆς
1535 683 1779 734 (Ηρακλεὶδου)
1847 686 1858 723 2³

1073 742 1208 788 μερίδος
1235 744 1310 788 179,
1332 752 1371 778 10

1025 798 1166 834 ὑπατεία
1191 801 1268 844 629,
1291 808 1350 835 124
1364 801 1402 845 (22)

1027 855 1253 896 ὑπατεύοντος
1277 859 1316 892 τὸ
1342 858 1534 893 δωδέκατον
1561 859 1638 902 532,
1658 866 1676 894 2

1027 913 1188 953 ὑπατικός
1226 915 1452 958 (consulam)
1491 916 1568 960 559,
1587 922 1618 950 2.
1655 917 1732 959 601,
1752 923 1781 950 2.
1846 906 1858 942 ’.ἑ

1071 970 1230 1006 ὑπατικοί
1262 974 1341 1016 544,
1361 980 1391 1007 7.
1423 973 1502 1016 548,
1522 979 1552 1006 3.
1610 971 1781 1007 ὑπατικῶν
1850 966 1858 1003 f

1074 1032 1217 1075 συγγενῆ
1244 1029 1322 1072 514,
1345 1037 1382 1063 10

1028 1084 1154 1123 ὕπατος
1186 1085 1331 1129 (consul)
1363 1086 1440 1130 379,
1460 1095 1490 1121 5.
1516 1093 1546 1120 9.
1566 1093 1620 1121 11.
1653 1087 1733 1130 471,
1752 1095 1782 1122 9.

1073 1143 1151 1186 491,
1164 1150 1194 1178 3.
1219 1144 1298 1187 543,
1311 1149 1365 1177 22.
1381 1144 1459 1187 575,
1471 1150 1502 1178 7.
1521 1144 1599 1187 576,
1613 1150 1644 1178 8.
1661 1145 1740 1188 605,
1752 1151 1783 1178 4.

1073 1200 1152 1244 624,
1172 1208 1200 1234 4.
1234 1201 1311 1244 629,
1330 1206 1361 1234 2.
1391 1201 1470 1244 701,
1489 1208 1520 1235 7.
1565 1199 1622 1235 ἐπὶ
1646 1199 1782 1236 ὑπάτων

1020 1289 1023 1291 .
1074 1259 1152 1301 594,
1180 1266 1209 1292 1.
1251 1257 1384 1300 619,1.
1440 1256 1580 1293 ὑπάτοιν
1621 1258 1698 1301 595,
1730 1266 1797 1293 19.-
1832 1290 1834 1293 .

1073 1313 1210 1348 ὑπάτων
1244 1314 1321 1358 629,
1348 1321 1380 1349 2.
1427 1314 1625 1363 ὠρδινάριος
1657 1313 1784 1354 ὕπατος
1835 1327 1840 1347 3

1073 1373 1150 1415 568,
1170 1379 1200 1405 5.
1249 1371 1298 1409 δὶς
1330 1369 1456 1410 ὕπατος
1487 1373 1566 1416 486,
1586 1378 1616 1406 2.
1646 1373 1726 1416 490,
1751 1379 1781 1406 4.
1827 1398 1839 1406 ,.

1074 1429 1151 1472 546,
1171 1436 1202 1463 3.
1241 1429 1313 1474 τρὶς
1335 1427 1462 1467 ὕπατος
1486 1430 1565 1473 490,
1585 1438 1615 1464 5.
1657 1427 1784 1468 ὕπατος
1832 1438 1833 1442 ’

1072 1484 1354 1531 ἀποδεδειγμένος
1379 1486 1457 1530 379,
1477 1494 1508 1520 5.
1528 1493 1558 1521 9.
1578 1494 1630 1521 11.
1655 1487 1735 1531 453,
1753 1495 1781 1522 1.
1835 1524 1838 1529 ,
1856 1538 1858 1541 Ι

1071 1542 1202 1577 ὑπάτου
1228 1541 1508 1588 ἀναδεδειγμένου
1534 1543 1612 1587 625,
1633 1551 1648 1577 7
1835 1575 1858 1590 ..v

1028 1598 1254 1646 ὑπεκτίθημι·
1285 1599 1348 1634 ὅσα
1371 1598 1411 1634 ἂν
1434 1599 1525 1635 κατὰ
1547 1600 1698 1646 πόλεμον
1724 1613 1783 1646 με·
1812 1631 1815 1634 .
1836 1590 1858 1636 fi*

1071 1655 1173 1703 θιστῄ
1193 1669 1243 1695 τις
1266 1655 1289 1702 ἢ
1313 1653 1387 1691 κατ’
1404 1656 1490 1692 ἄλλο
1506 1669 1538 1692 τι
1557 1656 1781 1704 ὑπεκτιθῆται

1072 1715 1151 1758 437,
1171 1721 1211 1748 64

1027 1770 1239 1809 ὑπεναντίος·
1262 1771 1574 1819 ’καταναυμαχήσας
1591 1771 1667 1818 περὶ
1682 1769 1782 1806 Χελι-
1837 1771 1843 1798 ,²

1073 1827 1185 1867 δονίας
1205 1827 1286 1866 τοὺς
1312 1827 1529 1867 ὑπεναντίους
1555 1829 1632 1872 552,
1651 1836 1682 1863 3.
1721 1841 1783 1863 κα-
1836 1858 1840 1867 ,.

1071 1885 1344 1932 ταγωνισάμενος
1353 1884 1431 1924 τοὺς
1442 1883 1657 1924 ὑπεναντίους
1669 1886 1781 1929 553,7.
1831 1878 1841 1923 f

1073 1942 1131 1977 ἐὰν
1157 1942 1194 1977 δέ
1217 1954 1250 1976 τι
1273 1941 1468 1977 ὑπεναντίον
1492 1942 1602 1984 τούτῳ
1623 1942 1674 1987 τῷ
1689 1941 1782 1987 ὅρκῳ

1072 2000 1193 2044 ποήσω
1219 2000 1296 2042 532,
1313 2006 1366 2033 26.
1408 1998 1458 2032 ὅτι
1482 1998 1520 2033 δὲ
1543 1997 1583 2032 ἂν
1609 1997 1782 2043 αἴσθωμαι

1070 2055 1093 2101 ἢ
1127 2055 1263 2090 ἀκούσω
1294 2053 1490 2089 ὑπεναντίον
1522 2053 1657 2094 τούτοις
1686 2054 1783 2102 λεγό-

1072 2124 1172 2158 μενον
1196 2111 1219 2156 ἢ
1239 2110 1485 2158 βουλευόμενον
1508 2109 1532 2157 ἢ
1549 2111 1782 2157 πρασσόμενον
1835 2114 1843 2162 {j

1070 2170 1148 2213 532,
1167 2176 1220 2203 19.
1276 2167 1438 2214 ὁπότερος
1477 2166 1518 2203 ἂν
1557 2173 1625 2202 τῶν
1662 2168 1780 2215 δήμων
1829 2160 1843 2216 4}

1072 2225 1268 2260 ὑπεναντίον
1294 2224 1427 2272 πράσσῃ
1452 2225 1517 2259 τινὶ
1539 2230 1608 2259 τῶν
1633 2225 1668 2260 ἐν
1699 2226 1782 2273 τῇδε
1825 2236 1833 2245 ⁴·

1069 2284 1114 2330 τῇ
1138 2282 1294 2328 συνθήκῃ
1324 2281 1677 2329 ’κατακεχωρισμένων
1700 2283 1780 2326 437,
1824 2281 1844 2326 'J'

1073 2349 1125 2375 73.
1177 2339 1257 2374 οὐδὲ
1289 2338 1379 2374 ὅπλα
1415 2338 1594 2374 ὑπεναντία
1627 2337 1780 2385 θήσομαι
1829 2333 1854 2379 1'„

1072 2398 1150 2440 266,
1169 2404 1223 2433 28.
1276 2396 1356 2431 οὐδὲ
1390 2395 1558 2442 προδώσω
1595 2393 1780 2440 ὑπεναντίῳ
1820 2390 1853 2423 Ϊ

1072 2454 1182 2489 ούδενί
1207 2454 1284 2498 266,
1304 2461 1358 2488 61.
1412 2452 1471 2487 ἵνα
1493 2472 1539 2478 -
1564 2451 1671 2498 μηδὲν
1700 2451 1781 2487 ὑπε-
1823 2471 1854 2487 -,

1069 2511 1199 2546 ναντίον
1231 2514 1303 2549 τοῖς
1333 2509 1635 2556 προστεταγμένοις
1664 2513 1782 2555 ποιῆτε
1841 2513 1846 2519 “

1072 2569 1149 2611 665,
1169 2576 1198 2602 5.
1243 2566 1459 2613 κρατήσαντα
1481 2570 1550 2600 τῶν
1577 2565 1780 2601 ὑπεναντίων
1815 2598 1817 2602 ,
1843 2596 1853 2609 ,

1073 2626 1150 2668 332,
1169 2631 1223 2659 23.
1269 2624 1325 2658 τὸν
1359 2622 1563 2661 ὑπεναντίως
1593 2622 1782 2668 ποιήσαντα
1828 2617 1850 2655 ,ζ

1073 2683 1150 2725 527,
1172 2689 1210 2716 12

1025 2737 1199 2784 ὑπεξάγω’
1235 2736 1474 2783 ὑπεξηγμένων
1509 2736 1547 2770 δὲ
1569 2754 1615 2762 -
1646 2736 1780 2771 πάντων

1072 2797 1150 2839 335,
1171 2802 1231 2828 117

1025 2851 1233 2898 ὑπεξαίρεσις
1256 2856 1324 2886 τῶν
1349 2849 1616 2898 ἀντιλεγομένων
1641 2851 1718 2895 335,
1739 2858 1755 2884 6
1826 2861 1854 2894 ⁶²,

1026 2908 1261 2956 ὑπεραγόντως
1286 2910 1363 2953 315,
1383 2913 1427 2943 51‘
