1858 3126
249 134 334 176 212
463 133 552 166 VIII.
588 133 736 175 Imperii
759 132 910 166 Romani
935 133 1146 175 provinciae
1170 132 1371 166 orientales.
1421 135 1451 166 3.
1477 132 1622 166 Galatia.
1710 135 1822 166 539—

245 267 365 306 causa'
398 271 583 305 insolitum
615 271 763 313 quidem
796 272 860 314 est,
898 271 962 304 sed
985 280 1057 304 non
1082 270 1295 304 inauditum.
1344 270 1392 304 Cf.
1419 271 1549 314 Papers
1574 271 1613 304 ot·
1631 271 1692 305 the
1714 271 1820 304 Ame—

244 331 344 363 rican
369 329 493 362 school
519 330 565 361 III
589 338 622 371 p.
643 332 682 361 4ο
709 338 743 362 n.
762 331 846 361 ⁴5⁴:
879 323 1122 374 [Ἡ]ρακλείδης
1153 325 1391 373 ἀπελεύΙθερος
1423 327 1604 373 ἀνέστησεν
1641 325 1819 373 ΜάμΙμειν

244 383 424 425 Κοζαπέου
449 384 557 432 χάριν.
599 387 688 419 Sane
713 385 829 419 editor
851 385 924 418 illic
948 385 1109 430 (μνήμης)
1134 385 1244 428 addit,
1270 385 1334 419 sed
1357 386 1520 428 priorum
1545 395 1718 419 versuum
1744 396 1819 419 am-

243 443 323 477 bitu
347 445 556 486 comparato
573 445 722 486 apparet
746 443 904 486 spatium
921 452 995 475 non
1011 442 1174 476 sufficere
1199 451 1315 486 neque
1332 444 1477 477 omnino
1494 444 1688 486 quicquam
1706 444 1820 476 inter-

244 501 385 544 cidisse,
415 502 451 533 et
474 501 533 534 hic
556 501 750 534 verborum
775 500 863 533 ordo
887 498 986 546 χάριν
1013 499 1151 545 μνήμης
1175 509 1247 533 non
1271 501 1392 534 minus
1416 501 1605 542 singularis
1630 503 1686 534 est
1708 510 1818 544 quam

243 558 333 592 illud
355 557 453 605 χάριν
479 559 554 591 sine
580 559 742 601 genetivo
767 559 994 600 usurpatum.
1044 557 1092 591 Cf.
1118 558 1227 591 etiam
1251 567 1284 590 n.
1303 560 1381 601 585,
1400 560 1418 591 8
1444 567 1527 591 cum
1551 560 1625 592 not.
1643 560 1674 592 4.

329 740 421 784 540
461 743 613 783 Tabula
640 754 881 795 marmorea,
914 754 1018 795 quae
1049 743 1143 783 olim
1172 747 1331 796 partem
1359 743 1469 784 basis
1500 743 1677 784 effecisse
1702 743 1818 784 vide—

241 814 320 852 tur.
385 812 536 852 Versus
579 813 701 865 primi
744 815 784 852 et
826 812 1021 865 postremi
1056 812 1238 852 consulto
1274 812 1404 864 deleti,
1451 812 1604 865 reliqua
1636 812 1817 865 perbene

243 884 494 922 conservata.
545 882 590 920 In
624 881 768 920 litteris
805 880 1067 920 multifariam
1109 883 1271 921 exstant
1304 881 1475 933 vestigia
1510 881 1654 921 coloris
1688 881 1814 921 rubri.

241 949 481 990 Pessinunte
509 946 792 1003 (Sivm‘hissar)
821 949 864 988 in
894 950 1134 989 coemeterio
1153 949 1447 989 Armeniorum.
1498 950 1570 990 Ed.
1600 949 1645 991 A.
1668 950 1816 990 Koerte

242 1019 370 1059 Mitth.
395 1020 465 1059 des
494 1018 604 1058 arch.
627 1019 721 1058 Inst.
744 1019 785 1057 in
809 1018 942 1058 Athen
961 1019 1070 1058 XXII
1101 1016 1133 1072 (⁴
1145 1017 1240 1071 897)
1270 1031 1309 1071 p.
1335 1019 1388 1058 38
1418 1030 1456 1058 n.
1481 1019 1534 1060 23
1577 1017 1637 1073 (R.
1661 1018 1817 1070 Cagnat

241 1088 366 1128 Inscr.
389 1087 455 1127 Gr.
478 1088 531 1127 ad
556 1099 623 1127 res
649 1088 766 1127 Rom.
787 1091 890 1139 pert.
913 1087 965 1126 III
994 1099 1034 1139 p.
1061 1087 1140 1127 ⁴⁴6
1171 1099 1210 1127 n.
1235 1085 1345 1140 230).

354 1222 597 1231 ----------
641 1198 645 1256 Ι
691 1215 1006 1255 ---------ιρου
1053 1198 1161 1256 υἱΙ[ὸν
1207 1197 1399 1256 ΚΙυρείνα
1434 1196 1604 1256 “Ηρᾶν-1,
1647 1176 1812 1243 δέκατον

311 1279 330 1311 5
359 1266 459 1324 μετὰ
494 1268 498 1321 Ι
533 1267 627 1324 [τ]ὸν
667 1267 897 1324 ἀρχιερέαῖ,
934 1267 1108 1323 πέμπτον
1141 1267 1183 1310 δὲ
1220 1266 1449 1325 ΓαΙΙλατῶν3
1478 1265 1546 1310 διὰ
1577 1269 1666 1325 βίου
1703 1270 1813 1325 ἱερέα

357 1336 518 1393 Μητρὸς
566 1336 571 1393 Ι
614 1336 719 1379 θεῶν
765 1335 941 1393 μεγάλης
987 1338 1027 1379 ἐν
1073 1336 1391 1392 ΠεσΙσιννοῦντι4
1430 1337 1498 1380 καὶ
1534 1336 1810 1395 (Μ)ειδαείῳ5,

332 1465 485 1497 Litterae
515 1463 747 1503 ΑΕΗΞΠΣΩ.
795 1463 985 1496 Extremae
1017 1464 1140 1496 hastae
1173 1464 1337 1506 apicibus
1368 1466 1524 1498 ornatae.
1571 1465 1693 1498 Multis
1723 1464 1811 1498 locis

238 1522 415 1556 vocabula
448 1521 599 1563 virgulis
622 1521 848 1563 distineatur,
878 1521 915 1553 id
945 1521 1044 1563 quod
1075 1521 1279 1563 singillatim
1313 1521 1470 1554 indicare
1501 1531 1811 1564 supervacaneum

237 1580 391 1613 videtur.
440 1579 530 1612 Tota
559 1579 760 1612 litteratura
790 1578 937 1611 titulum
969 1578 1112 1611 saeculo
1142 1587 1175 1621 p.
1201 1578 1281 1611 Chr.
1307 1588 1341 1611 n.
1373 1580 1493 1621 primo
1523 1580 1568 1612 ad
1596 1579 1704 1612 finem
1731 1589 1810 1613 ver-

237 1638 334 1679 genti
363 1636 546 1670 vindicare
575 1636 717 1669 videtur
748 1635 886 1668 editori.
1005 1638 1018 1667 ⁴
1056 1636 1138 1668 Sine
1168 1635 1279 1668 dubio
1305 1636 1402 1669 idem
1426 1637 1490 1679 qui
1513 1646 1547 1669 n.
1566 1639 1643 1679 544,
1661 1639 1681 1669 2
1707 1639 1810 1680 pater

237 1694 436 1728 sacerdotis
464 1695 681 1726 recensetur.
805 1695 824 1724 2
857 1692 922 1725 Hic
956 1693 1084 1725 titulus
1115 1694 1151 1725 et
1182 1702 1216 1726 n.
1250 1694 1308 1726 544
1346 1693 1560 1737 docuerunt,
1591 1694 1732 1727 Galatas
1763 1695 1806 1728 ad
1856 1723 1858 1727 ,

235 1751 478 1785 sacerdotium
496 1752 642 1793 Magnae
659 1751 781 1784 Matris
799 1751 1042 1783 Pessinuntiae
1066 1751 1115 1783 ita
1140 1750 1318 1784 admissos
1343 1759 1432 1794 esse,
1457 1753 1498 1784 ut
1514 1752 1675 1794 quinque
1690 1753 1808 1795 prima
1850 1741 1858 1799 η’·

234 1810 315 1843 loca
346 1810 383 1842 in
419 1809 567 1850 collegio
599 1808 801 1850 Phrygibus
826 1809 1108 1850 reservarentur,
1145 1808 1305 1850 quinque
1337 1809 1521 1850 postrema
1545 1809 1677 1843 Galatis
1702 1810 1806 1842 relin-

234 1868 442 1910 querentur,
475 1866 525 1899 ita
560 1867 601 1898 ut
630 1866 688 1898 bic
712 1865 866 1898 eundem
892 1865 1075 1898 hominem
1101 1866 1262 1898 omnium
1289 1867 1374 1908 post
1397 1866 1594 1899 antistitem
1618 1875 1813 1901 sacrorum

233 1924 426 1966 decimum,
452 1923 655 1956 Galatarum
674 1931 761 1955 vero
778 1923 956 1964 quintum,
982 1932 1014 1954 n.
1035 1924 1092 1955 544
1118 1923 1195 1955 eius
1211 1922 1325 1955 filium
1341 1923 1488 1956 illorum
1504 1932 1653 1966 nonum,
1671 1924 1804 1957 horum

233 1982 402 2023 quartum
437 1989 516 2013 esse
546 1980 743 2013 videamus.
782 1980 820 2012 K.
943 1982 960 2011 3
993 1980 1102 2012 Filius
1132 1979 1279 2021 quidem
1316 1980 1360 2021 (n.
1378 1982 1454 2023 544,
1473 1980 1503 2021 2)
1529 1981 1717 2014 etiamtum
1740 1990 1805 2014 no-

231 2039 328 2070 mine
359 2038 532 2078 originem
558 2037 726 2070 Gallicam
751 2037 881 2079 prodit,
914 2037 976 2069 sed
1001 2038 1103 2079 pater
1127 2037 1199 2069 iam
1224 2037 1359 2069 Graeco
1384 2038 1529 2070 nomine
1552 2039 1679 2081 utitur,
1710 2046 1804 2081 quae

230 2103 289 2127 res
314 2095 390 2127 sine
414 2094 524 2127 dubio
549 2094 609 2126 illa
633 2095 748 2127 aetate
773 2095 865 2126 inter
882 2094 1128 2135 Gallograecos
1153 2094 1364 2136 neutiquam
1387 2104 1467 2128 rara
1484 2095 1561 2128 fuit.
1678 2098 1696 2128 4
1727 2097 1803 2129 Du-

230 2152 314 2194 plex
347 2162 365 2184 ν
402 2151 478 2184 sine
514 2151 624 2183 dubio
658 2152 754 2183 recte
792 2151 838 2183 ad
868 2159 1001 2183 meram
1036 2151 1210 2193 lapicidae
1240 2151 1498 2193 neglegentiam
1532 2151 1640 2185 refert
1662 2153 1701 2185 K.
1750 2153 1802 2185 De

229 2209 375 2251 Magnae
410 2208 532 2241 Matris
569 2208 680 2240 sacris
706 2208 938 2240 Pessinuntiis
972 2208 1014 2241 cf.
1039 2207 1163 2250 Polyb.
1187 2208 1280 2251 XXI,
1299 2211 1352 2251 37,
1372 2212 1402 2242 5.
1451 2210 1526 2243 Liv.
1550 2210 1677 2252 XXIX,
1695 2212 1750 2253 40,
1769 2213 1800 2243 5.

230 2268 329 2309 44,7.
367 2265 557 2307 xxxvnl,
579 2267 629 2307 48,
648 2268 678 2297 9.
727 2263 852 2298 strabo
870 2265 912 2307 x,
929 2259 963 2307 '3‚
982 2268 1023 2296 ⁴2
1050 2274 1083 2307 p.
1099 2267 1175 2298 469.
1211 2266 1335 2309 X11,5,
1355 2269 1373 2299 a
1398 2270 1531 2309 μων
1562 2264 1746 2304 Πεσσινοῦς
1771 2262 1795 2300 δ’

229 2320 317 2356 ἐστὶν
350 2321 509 2367 ἐμπόριον
539 2326 606 2355 τῶν
631 2320 739 2366 ταύτῃ
766 2320 932 2366 μέγιστον,
959 2320 1044 2366 ἱερὸν
1071 2321 1149 2368 ἔχον
1174 2325 1237 2368 τῆς
1260 2320 1401 2368 Μητρὸς
1425 2328 1492 2358 τῶν
1515 2321 1604 2358 θεῶν
1628 2322 1798 2368 σεβασμοῦ

228 2378 376 2426 μεγάλου
412 2378 596 2425 τυγχάνον·
631 2378 772 2412 καλοῦσι
808 2374 835 2411 δ’
871 2377 976 2424 αὐτὴν
1008 2375 1180 2425 Ἄγδιστιν.
1231 2379 1263 2413 οἱ
1295 2376 1319 2413 δ’
1356 2380 1456 2426 ἱερεῖς
1485 2380 1523 2413 τὸ
1556 2380 1700 2414 παλαιὸν
1735 2379 1796 2424 μὲν

228 2437 281 2478 (cs.
306 2446 339 2470 n.
359 2439 435 2479 3⁴5,
454 2439 507 2470 ⁴⁰.
527 2439 580 2470 27.
600 2437 653 2478 39)
697 2434 855 2469 δυνάσται
889 2436 976 2474 τινὲς
1011 2435 1107 2481 ἦσαν,
1147 2435 1330 2483 ἱερωσύνην
1364 2437 1597 2482 καρπούμενοι
1631 2437 1796 2483 μεγάλην,

224 2493 297 2528 νυνὶ
331 2492 367 2527 δὲ
395 2491 523 2527 τούτων
554 2493 614 2539 μὲν
649 2492 683 2526 αἱ
712 2492 807 2537 τιμαὶ
836 2492 922 2527 πολὺ
956 2493 1173 2539 μεμεὶωνται,
1209 2495 1246 2528 τὸ
1277 2494 1313 2528 δὲ
1337 2494 1498 2539 ἐμπόριον
1523 2494 1695 2539 συμμένει.
1741 2495 1796 2528 Ad

225 2552 318 2585 hanc
351 2552 534 2585 honorum
564 2552 852 2584 imminutionem
886 2551 923 2584 id
959 2561 1105 2594 quoque
1136 2554 1313 2595 pertinere
1338 2552 1482 2586 videtur
1506 2552 1604 2594 quod
1626 2561 1693 2594 pro
1721 2562 1793 2585 uno

225 2609 412 2643 sacerdote
442 2609 643 2651 eodemque
666 2610 829 2651 principe
854 2609 925 2641 iam
951 2610 1141 2651 collegium
1165 2610 1466 2651 decemvirorum,
1495 2610 1555 2642 cui
1579 2617 1663 2642 sane
1686 2618 1794 2652 prae-

224 2668 280 2700 est
317 2675 412 2700 unus
450 2667 609 2709 antistes,
654 2667 724 2699 hoc
763 2676 912 2700 munere
951 2667 1049 2710 fungi
1088 2668 1266 2701 videmus.
1321 2668 1505 2700 Praeterea
1544 2676 1578 2700 v.
1640 2667 1791 2710 Appian.
1848 2703 1856 2707 ,

223 2723 336 2758 Hann.
363 2726 416 2757 56.
464 2724 613 2756 Pausan.
638 2724 663 2766 Ι,
683 2725 713 2766 4,
732 2726 762 2756 5.
811 2724 997 2758 Herodian.
1015 2726 1040 2767 I,
1059 2727 1140 2766 ⁴⁴,⁴
1161 2733 1237 2766 sqq.
1270 2724 1437 2757 Ammian
1459 2724 1564 2756 Marc.
1582 2724 1691 2766 XXII,
1710 2727 1741 2766 9,
1759 2727 1791 2757 5.

223 2784 242 2814 5
270 2782 478 2815 ΣΕΙΔΑΕΙΩ
502 2781 603 2824 lapis,
627 2790 736 2824 quem
762 2782 992 2815 manifestum
1018 2791 1178 2815 errorem
1203 2781 1406 2814 emendavit
1429 2781 1568 2824 Koerte,
1593 2782 1655 2823 qui
1680 2781 1790 2815 aduo-
1837 2786 1853 2799 ·

222 2841 275 2872 tat
298 2840 515 2881 scripturam
532 2836 695 2873 Μιδάειον
722 2847 910 2872 occurrere
935 2840 1032 2882 apud
1046 2839 1255 2872 Strabonem
1272 2839 1346 2881 XII,
1365 2842 1395 2881 8,
1414 2841 1456 2871 42
1474 2847 1508 2881 p.
1523 2841 1599 2882 576,
1625 2839 1788 2873 Cassium

221 2897 374 2930 Dionem
397 2896 518 2940 XLIX,
536 2899 589 2940 48,
608 2899 639 2939 4,
664 2897 883 2940 Stephanum
900 2898 1113 2940 Byzantium
1131 2906 1159 2930 s.
1176 2906 1208 2930 v.
1242 2897 1280 2928 In
1305 2896 1604 2939 inscriptionibus
1629 2895 1788 2929 nondum
