<?xml version="1.0" encoding="UTF-8"?>
<!DOCTYPE html PUBLIC "-//W3C//DTD XHTML 1.0 Transitional//EN"
    "http://www.w3.org/TR/xhtml1/DTD/xhtml1-transitional.dtd">
<html xmlns="http://www.w3.org/1999/xhtml" xml:lang="en" lang="en">
 <head>
  <title>
</title>
<meta http-equiv="Content-Type" content="text/html;charset=utf-8" />
  <meta name='ocr-system' content='tesseract 3.04.00' />
  <meta name='ocr-capabilities' content='ocr_page ocr_carea ocr_par ocr_line ocrx_word'/>
</head>
<body>
  <div class='ocr_page' id='page_1' title='image "./orientisgraeciin02dittuoft/orientisgraeciin02dittuoft_0120.png"; bbox 0 0 1858 3126; ppageno 0'>
   <div class='ocr_carea' id='block_1_1' title="bbox 238 127 1812 171">
    <p class='ocr_par' dir='ltr' id='par_1_1' title="bbox 238 127 1812 171">
     <span class='ocr_line' id='line_1_1' title="bbox 238 127 1812 171; baseline 0.003 -13"><span class='ocrx_word' id='word_1_1' title='bbox 238 128 318 169; x_wconf 81' lang='lat'>106</span> <span class='ocrx_word' id='word_1_2' title='bbox 473 127 560 160; x_wconf 83' lang='lat' dir='ltr'><strong>VIII.</strong></span> <span class='ocrx_word' id='word_1_3' title='bbox 598 127 744 170; x_wconf 90' lang='lat' dir='ltr'>Imperii</span> <span class='ocrx_word' id='word_1_4' title='bbox 768 127 919 160; x_wconf 85' lang='lat' dir='ltr'>Romani</span> <span class='ocrx_word' id='word_1_5' title='bbox 943 127 1151 170; x_wconf 87' lang='lat' dir='ltr'>provinciae</span> <span class='ocrx_word' id='word_1_6' title='bbox 1176 127 1378 161; x_wconf 78' lang='lat' dir='ltr'><strong>orientales.</strong></span> <span class='ocrx_word' id='word_1_7' title='bbox 1428 131 1459 161; x_wconf 99' lang='grc'>4.</span> <span class='ocrx_word' id='word_1_8' title='bbox 1485 127 1578 162; x_wconf 81' lang='lat' dir='ltr'>Asia.</span> <span class='ocrx_word' id='word_1_9' title='bbox 1738 129 1812 171; x_wconf 80' lang='grc'><strong>[484</strong></span> 
     </span>
    </p>
   </div>
   <div class='ocr_carea' id='block_1_2' title="bbox 233 268 1816 530">
    <p class='ocr_par' dir='ltr' id='par_1_2' title="bbox 233 268 1816 530">
     <span class='ocr_line' id='line_1_2' title="bbox 235 268 1815 321; baseline 0.001 -13"><span class='ocrx_word' id='word_1_10' title='bbox 235 268 336 308; x_wconf 90' lang='lat' dir='ltr'>Cum</span> <span class='ocrx_word' id='word_1_11' title='bbox 367 268 644 321; x_wconf 87' lang='lat' dir='ltr'><strong>compluribus</strong></span> <span class='ocrx_word' id='word_1_12' title='bbox 675 268 831 321; x_wconf 84' lang='lat' dir='ltr'>ectypis</span> <span class='ocrx_word' id='word_1_13' title='bbox 867 269 1035 309; x_wconf 88' lang='lat' dir='ltr'>contulit</span> <span class='ocrx_word' id='word_1_14' title='bbox 1066 281 1102 309; x_wconf 92' lang='lat' dir='ltr'>v.</span> <span class='ocrx_word' id='word_1_15' title='bbox 1124 269 1253 320; x_wconf 83' lang='lat' dir='ltr'>Prott,</span> <span class='ocrx_word' id='word_1_16' title='bbox 1296 268 1408 309; x_wconf 90' lang='lat' dir='ltr'>cuius</span> <span class='ocrx_word' id='word_1_17' title='bbox 1443 269 1636 309; x_wconf 88' lang='lat' dir='ltr'>lectiones</span> <span class='ocrx_word' id='word_1_18' title='bbox 1671 269 1815 309; x_wconf 90' lang='lat' dir='ltr'>deinde</span> 
     </span>
     <span class='ocr_line' id='line_1_3' title="bbox 234 337 1816 390; baseline 0.001 -14"><span class='ocrx_word' id='word_1_19' title='bbox 234 337 287 377; x_wconf 87' lang='lat' dir='ltr'>ad</span> <span class='ocrx_word' id='word_1_20' title='bbox 317 338 453 390; x_wconf 85' lang='lat' dir='ltr'>ipsum</span> <span class='ocrx_word' id='word_1_21' title='bbox 481 337 659 390; x_wconf 84' lang='lat' dir='ltr'>lapidem</span> <span class='ocrx_word' id='word_1_22' title='bbox 691 338 1027 378; x_wconf 81' lang='lat' dir='ltr'>examinaverunt</span> <span class='ocrx_word' id='word_1_23' title='bbox 1056 338 1169 377; x_wconf 86' lang='lat' dir='ltr'>Zahn</span> <span class='ocrx_word' id='word_1_24' title='bbox 1190 340 1231 377; x_wconf 87' lang='lat' dir='ltr'>et</span> <span class='ocrx_word' id='word_1_25' title='bbox 1250 337 1471 378; x_wconf 87' lang='lat' dir='ltr'>Briickner.</span> <span class='ocrx_word' id='word_1_26' title='bbox 1492 361 1549 366; x_wconf 92' lang='lat'>—</span> <span class='ocrx_word' id='word_1_27' title='bbox 1568 338 1699 378; x_wconf 89' lang='lat' dir='ltr'>Ambo</span> <span class='ocrx_word' id='word_1_28' title='bbox 1721 349 1816 378; x_wconf 92' lang='lat' dir='ltr'>con-</span> 
     </span>
     <span class='ocr_line' id='line_1_4' title="bbox 233 406 1814 460; baseline 0 -14"><span class='ocrx_word' id='word_1_29' title='bbox 233 407 369 447; x_wconf 85' lang='lat' dir='ltr'>iuncta</span> <span class='ocrx_word' id='word_1_30' title='bbox 390 407 451 447; x_wconf 89' lang='lat' dir='ltr'>ed.</span> <span class='ocrx_word' id='word_1_31' title='bbox 476 407 524 447; x_wconf 89' lang='lat' dir='ltr'>H.</span> <span class='ocrx_word' id='word_1_32' title='bbox 542 420 581 447; x_wconf 91' lang='lat' dir='ltr'>v.</span> <span class='ocrx_word' id='word_1_33' title='bbox 597 408 713 447; x_wconf 81' lang='lat' dir='ltr'>Prott</span> <span class='ocrx_word' id='word_1_34' title='bbox 733 407 863 447; x_wconf 83' lang='lat' dir='ltr'>Mitth.</span> <span class='ocrx_word' id='word_1_35' title='bbox 883 407 953 448; x_wconf 87' lang='lat' dir='ltr'>des</span> <span class='ocrx_word' id='word_1_36' title='bbox 971 407 1080 447; x_wconf 87' lang='lat' dir='ltr'>arch.</span> <span class='ocrx_word' id='word_1_37' title='bbox 1095 408 1191 447; x_wconf 85' lang='lat' dir='ltr'>Inst.</span> <span class='ocrx_word' id='word_1_38' title='bbox 1210 408 1251 446; x_wconf 92' lang='lat' dir='ltr'>in</span> <span class='ocrx_word' id='word_1_39' title='bbox 1270 407 1402 448; x_wconf 86' lang='lat' dir='ltr'><strong>Athen</strong></span> <span class='ocrx_word' id='word_1_40' title='bbox 1416 407 1561 448; x_wconf 88' lang='lat' dir='ltr'>XXVII</span> <span class='ocrx_word' id='word_1_41' title='bbox 1575 407 1590 446; x_wconf 85' lang='grc'><strong>4</strong></span> <span class='ocrx_word' id='word_1_42' title='bbox 1603 407 1684 448; x_wconf 81' lang='lat'>902</span> <span class='ocrx_word' id='word_1_43' title='bbox 1707 419 1746 460; x_wconf 90' lang='lat' dir='ltr'>p.</span> <span class='ocrx_word' id='word_1_44' title='bbox 1761 406 1814 447; x_wconf 84' lang='lat'>78</span> 
     </span>
     <span class='ocr_line' id='line_1_5' title="bbox 233 474 1815 530; baseline 0.003 -15"><span class='ocrx_word' id='word_1_45' title='bbox 233 488 272 516; x_wconf 91' lang='lat' dir='ltr'>n.</span> <span class='ocrx_word' id='word_1_46' title='bbox 297 475 363 517; x_wconf 75' lang='lat'>72.</span> <span class='ocrx_word' id='word_1_47' title='bbox 407 475 559 530; x_wconf 86' lang='lat' dir='ltr'>(Revue</span> <span class='ocrx_word' id='word_1_48' title='bbox 584 476 895 530; x_wconf 75' lang='lat' dir='ltr'>archeologique</span> <span class='ocrx_word' id='word_1_49' title='bbox 916 477 1148 524; x_wconf 81' lang='lat' dir='ltr'>Quatrieme</span> <span class='ocrx_word' id='word_1_50' title='bbox 1171 477 1274 516; x_wconf 77' lang='lat' dir='ltr'>serie</span> <span class='ocrx_word' id='word_1_51' title='bbox 1294 477 1310 515; x_wconf 94' lang='lat'><em>1</em></span> <span class='ocrx_word' id='word_1_52' title='bbox 1334 476 1441 516; x_wconf 75' lang='lat'>⁴903</span> <span class='ocrx_word' id='word_1_53' title='bbox 1469 489 1510 530; x_wconf 87' lang='lat' dir='ltr'>p.</span> <span class='ocrx_word' id='word_1_54' title='bbox 1536 476 1617 516; x_wconf 77' lang='lat'>⁴56</span> <span class='ocrx_word' id='word_1_55' title='bbox 1639 488 1678 517; x_wconf 92' lang='lat' dir='ltr'>n.</span> <span class='ocrx_word' id='word_1_56' title='bbox 1705 474 1815 530; x_wconf 70' lang='lat'>⁴48).</span> 
     </span>
    </p>
   </div>
   <div class='ocr_carea' id='block_1_3' title="bbox 348 590 1816 646">
    <p class='ocr_par' dir='ltr' id='par_1_3' title="bbox 348 590 1816 646">
     <span class='ocr_line' id='line_1_6' title="bbox 348 590 1816 646; baseline 0.001 -14"><span class='ocrx_word' id='word_1_57' title='bbox 348 615 565 621; x_wconf 85' lang='lat'>---------</span> <span class='ocrx_word' id='word_1_58' title='bbox 606 591 778 646; x_wconf 78' lang='grc' dir='ltr'>λοῦμεν1</span> <span class='ocrx_word' id='word_1_59' title='bbox 817 590 1572 646; x_wconf 89' lang='grc' dir='ltr'>τω[---------Ι------------------</span> <span class='ocrx_word' id='word_1_60' title='bbox 1611 590 1816 645; x_wconf 62' lang='lat' dir='ltr'>petenen]-</span> 
     </span>
    </p>
   </div>
   <div class='ocr_carea' id='block_1_4' title="bbox 227 717 1858 2950">
    <p class='ocr_par' dir='ltr' id='par_1_4' title="bbox 227 717 1858 2950">
     <span class='ocr_line' id='line_1_7' title="bbox 326 717 1816 761; baseline -0.001 -10"><span class='ocrx_word' id='word_1_61' title='bbox 326 719 480 751; x_wconf 88' lang='lat' dir='ltr'>Litterae</span> <span class='ocrx_word' id='word_1_62' title='bbox 506 720 648 752; x_wconf 78' lang='grc' dir='ltr'><strong>ῙΘΠΣ.</strong></span> <span class='ocrx_word' id='word_1_63' title='bbox 698 719 904 761; x_wconf 89' lang='lat' dir='ltr'>Scripturae</span> <span class='ocrx_word' id='word_1_64' title='bbox 930 719 1028 751; x_wconf 92' lang='lat' dir='ltr'>tanta</span> <span class='ocrx_word' id='word_1_65' title='bbox 1052 718 1252 751; x_wconf 81' lang='lat' dir='ltr'>similitudo</span> <span class='ocrx_word' id='word_1_66' title='bbox 1282 718 1472 751; x_wconf 77' lang='lat' dir='ltr'>intercedit</span> <span class='ocrx_word' id='word_1_67' title='bbox 1493 718 1588 751; x_wconf 91' lang='lat' dir='ltr'>inter</span> <span class='ocrx_word' id='word_1_68' title='bbox 1610 718 1708 750; x_wconf 90' lang='lat' dir='ltr'>hunc</span> <span class='ocrx_word' id='word_1_69' title='bbox 1731 717 1816 750; x_wconf 88' lang='lat' dir='ltr'>titu-</span> 
     </span>
     <span class='ocr_line' id='line_1_8' title="bbox 233 775 1814 819; baseline 0 -11"><span class='ocrx_word' id='word_1_70' title='bbox 233 777 310 809; x_wconf 93' lang='lat' dir='ltr'>lum</span> <span class='ocrx_word' id='word_1_71' title='bbox 334 778 370 809; x_wconf 89' lang='lat' dir='ltr'>et</span> <span class='ocrx_word' id='word_1_72' title='bbox 394 786 427 809; x_wconf 91' lang='lat' dir='ltr'>n.</span> <span class='ocrx_word' id='word_1_73' title='bbox 447 778 524 819; x_wconf 77' lang='lat'>483,</span> <span class='ocrx_word' id='word_1_74' title='bbox 550 778 592 809; x_wconf 88' lang='lat' dir='ltr'>ut</span> <span class='ocrx_word' id='word_1_75' title='bbox 616 777 678 809; x_wconf 84' lang='lat' dir='ltr'>vix</span> <span class='ocrx_word' id='word_1_76' title='bbox 696 776 848 809; x_wconf 90' lang='lat' dir='ltr'>dubium</span> <span class='ocrx_word' id='word_1_77' title='bbox 875 776 931 818; x_wconf 86' lang='lat' dir='ltr'>sit,</span> <span class='ocrx_word' id='word_1_78' title='bbox 958 776 1046 818; x_wconf 86' lang='lat' dir='ltr'>quin</span> <span class='ocrx_word' id='word_1_79' title='bbox 1062 785 1134 809; x_wconf 91' lang='lat' dir='ltr'>non</span> <span class='ocrx_word' id='word_1_80' title='bbox 1152 776 1262 809; x_wconf 90' lang='lat' dir='ltr'>modo</span> <span class='ocrx_word' id='word_1_81' title='bbox 1279 776 1406 809; x_wconf 88' lang='lat' dir='ltr'>eodem</span> <span class='ocrx_word' id='word_1_82' title='bbox 1424 777 1602 818; x_wconf 85' lang='lat' dir='ltr'>tempore,</span> <span class='ocrx_word' id='word_1_83' title='bbox 1626 775 1691 809; x_wconf 88' lang='lat' dir='ltr'>sed</span> <span class='ocrx_word' id='word_1_84' title='bbox 1707 775 1814 808; x_wconf 85' lang='lat' dir='ltr'>etiam</span> 
     </span>
     <span class='ocr_line' id='line_1_9' title="bbox 233 833 1816 877; baseline -0.001 -10"><span class='ocrx_word' id='word_1_85' title='bbox 233 834 278 867; x_wconf 90' lang='lat' dir='ltr'>ab</span> <span class='ocrx_word' id='word_1_86' title='bbox 303 834 431 868; x_wconf 90' lang='lat' dir='ltr'>eodem</span> <span class='ocrx_word' id='word_1_87' title='bbox 457 834 611 877; x_wconf 86' lang='lat' dir='ltr'>lapicida</span> <span class='ocrx_word' id='word_1_88' title='bbox 635 835 771 867; x_wconf 86' lang='lat' dir='ltr'>exarati</span> <span class='ocrx_word' id='word_1_89' title='bbox 796 835 877 867; x_wconf 84' lang='lat' dir='ltr'>sint.</span> <span class='ocrx_word' id='word_1_90' title='bbox 918 834 1111 867; x_wconf 88' lang='lat' dir='ltr'>Enuntiata</span> <span class='ocrx_word' id='word_1_91' title='bbox 1135 834 1352 876; x_wconf 86' lang='lat' dir='ltr'>plerumque</span> <span class='ocrx_word' id='word_1_92' title='bbox 1376 833 1504 877; x_wconf 89' lang='lat' dir='ltr'>spatiis</span> <span class='ocrx_word' id='word_1_93' title='bbox 1526 833 1652 867; x_wconf 87' lang='lat' dir='ltr'>vacuis</span> <span class='ocrx_word' id='word_1_94' title='bbox 1676 833 1816 875; x_wconf 83' lang='lat' dir='ltr'>exiguis</span> 
     </span>
     <span class='ocr_line' id='line_1_10' title="bbox 232 891 1814 934; baseline -0.001 -9"><span class='ocrx_word' id='word_1_95' title='bbox 232 892 460 934; x_wconf 75' lang='lat' dir='ltr'>distinemur,</span> <span class='ocrx_word' id='word_1_96' title='bbox 493 892 605 925; x_wconf 90' lang='lat' dir='ltr'>semel</span> <span class='ocrx_word' id='word_1_97' title='bbox 630 891 674 933; x_wconf 85' lang='lat' dir='ltr'>(v.</span> <span class='ocrx_word' id='word_1_98' title='bbox 694 892 748 933; x_wconf 73' lang='lat'>54)</span> <span class='ocrx_word' id='word_1_99' title='bbox 779 892 890 924; x_wconf 90' lang='lat' dir='ltr'>etiam</span> <span class='ocrx_word' id='word_1_100' title='bbox 922 892 959 924; x_wconf 92' lang='lat' dir='ltr'>in</span> <span class='ocrx_word' id='word_1_101' title='bbox 998 891 1120 924; x_wconf 87' lang='lat' dir='ltr'>medio</span> <span class='ocrx_word' id='word_1_102' title='bbox 1150 892 1337 925; x_wconf 90' lang='lat' dir='ltr'>enuntiato</span> <span class='ocrx_word' id='word_1_103' title='bbox 1374 891 1554 925; x_wconf 88' lang='lat' dir='ltr'>eiusmodi</span> <span class='ocrx_word' id='word_1_104' title='bbox 1585 891 1814 924; x_wconf 86' lang='lat' dir='ltr'>intervallum</span> 
     </span>
     <span class='ocr_line' id='line_1_11' title="bbox 232 948 1815 992; baseline -0.001 -9"><span class='ocrx_word' id='word_1_105' title='bbox 232 950 401 983; x_wconf 88' lang='lat' dir='ltr'>relictum</span> <span class='ocrx_word' id='word_1_106' title='bbox 434 951 499 983; x_wconf 84' lang='lat' dir='ltr'>est.</span> <span class='ocrx_word' id='word_1_107' title='bbox 641 953 653 982; x_wconf 91' lang='grc'><strong>4</strong></span> <span class='ocrx_word' id='word_1_108' title='bbox 691 950 919 992; x_wconf 83' lang='lat' dir='ltr'>Rescriptum</span> <span class='ocrx_word' id='word_1_109' title='bbox 952 950 1186 991; x_wconf 81' lang='lat' dir='ltr'>magistratus</span> <span class='ocrx_word' id='word_1_110' title='bbox 1223 950 1286 982; x_wconf 85' lang='lat' dir='ltr'>aut</span> <span class='ocrx_word' id='word_1_111' title='bbox 1321 949 1552 992; x_wconf 88' lang='lat' dir='ltr'>imperatoris</span> <span class='ocrx_word' id='word_1_112' title='bbox 1585 949 1736 982; x_wconf 86' lang='lat' dir='ltr'>Romani</span> <span class='ocrx_word' id='word_1_113' title='bbox 1771 948 1815 981; x_wconf 87' lang='lat' dir='ltr'>ad</span> 
     </span>
     <span class='ocr_line' id='line_1_12' title="bbox 232 1006 1817 1050; baseline -0.001 -10"><span class='ocrx_word' id='word_1_114' title='bbox 232 1009 538 1050; x_wconf 86' lang='lat' dir='ltr'>Pergamenorum</span> <span class='ocrx_word' id='word_1_115' title='bbox 563 1008 749 1040; x_wconf 87' lang='lat' dir='ltr'>civitatem</span> <span class='ocrx_word' id='word_1_116' title='bbox 781 1007 907 1041; x_wconf 90' lang='lat' dir='ltr'>datum</span> <span class='ocrx_word' id='word_1_117' title='bbox 938 1007 998 1040; x_wconf 88' lang='lat' dir='ltr'>hic</span> <span class='ocrx_word' id='word_1_118' title='bbox 1027 1006 1153 1040; x_wconf 89' lang='lat' dir='ltr'>haberi</span> <span class='ocrx_word' id='word_1_119' title='bbox 1177 1007 1408 1041; x_wconf 82' lang='lat' dir='ltr'>manifestum</span> <span class='ocrx_word' id='word_1_120' title='bbox 1433 1008 1500 1040; x_wconf 91' lang='lat' dir='ltr'>est.</span> <span class='ocrx_word' id='word_1_121' title='bbox 1548 1006 1617 1045; x_wconf 89' lang='lat' dir='ltr'>Qui</span> <span class='ocrx_word' id='word_1_122' title='bbox 1647 1006 1685 1039; x_wconf 89' lang='lat' dir='ltr'>id</span> <span class='ocrx_word' id='word_1_123' title='bbox 1717 1015 1817 1039; x_wconf 88' lang='lat' dir='ltr'>com-</span> 
     </span>
     <span class='ocr_line' id='line_1_13' title="bbox 232 1061 1816 1110; baseline -0.002 -11"><span class='ocrx_word' id='word_1_124' title='bbox 232 1066 366 1109; x_wconf 87' lang='lat' dir='ltr'>posuit,</span> <span class='ocrx_word' id='word_1_125' title='bbox 398 1066 506 1099; x_wconf 91' lang='lat' dir='ltr'>modo</span> <span class='ocrx_word' id='word_1_126' title='bbox 532 1065 703 1108; x_wconf 86' lang='lat' dir='ltr'>singulari</span> <span class='ocrx_word' id='word_1_127' title='bbox 727 1074 881 1098; x_wconf 90' lang='lat' dir='ltr'>numero</span> <span class='ocrx_word' id='word_1_128' title='bbox 906 1065 950 1098; x_wconf 92' lang='lat' dir='ltr'>de</span> <span class='ocrx_word' id='word_1_129' title='bbox 974 1073 1013 1098; x_wconf 92' lang='lat' dir='ltr'>se</span> <span class='ocrx_word' id='word_1_130' title='bbox 1036 1065 1152 1097; x_wconf 89' lang='lat' dir='ltr'>utitur</span> <span class='ocrx_word' id='word_1_131' title='bbox 1183 1065 1227 1107; x_wconf 88' lang='lat' dir='ltr'>(v.</span> <span class='ocrx_word' id='word_1_132' title='bbox 1246 1067 1265 1096; x_wconf 75' lang='lat'>2</span> <span class='ocrx_word' id='word_1_133' title='bbox 1292 1062 1597 1110; x_wconf 78' lang='grc' dir='ltr'>[μετεπεμ]ψάμην,</span> <span class='ocrx_word' id='word_1_134' title='bbox 1623 1061 1816 1110; x_wconf 75' lang='grc' dir='ltr'>βουληθείς.</span> 
     </span>
     <span class='ocr_line' id='line_1_14' title="bbox 234 1118 1816 1168; baseline 0 -13"><span class='ocrx_word' id='word_1_135' title='bbox 234 1126 269 1156; x_wconf 88' lang='grc'><strong>34</strong></span> <span class='ocrx_word' id='word_1_136' title='bbox 302 1121 490 1157; x_wconf 81' lang='grc' dir='ltr'>ἐπίστευον.</span> <span class='ocrx_word' id='word_1_137' title='bbox 533 1126 574 1155; x_wconf 80' lang='lat'>32</span> <span class='ocrx_word' id='word_1_138' title='bbox 600 1121 798 1167; x_wconf 83' lang='grc' dir='ltr'>λαμβάνων.</span> <span class='ocrx_word' id='word_1_139' title='bbox 839 1124 874 1155; x_wconf 75' lang='grc'><strong>44</strong></span> <span class='ocrx_word' id='word_1_140' title='bbox 913 1121 1043 1156; x_wconf 71' lang='grc' dir='ltr'>δίκαιον</span> <span class='ocrx_word' id='word_1_141' title='bbox 1071 1120 1268 1168; x_wconf 75' lang='grc' dir='ltr'>ἡγησάμην.</span> <span class='ocrx_word' id='word_1_142' title='bbox 1310 1124 1351 1155; x_wconf 71' lang='grc'><strong>54</strong></span> <span class='ocrx_word' id='word_1_143' title='bbox 1385 1119 1525 1167; x_wconf 79' lang='grc' dir='ltr'>εὔλογον</span> <span class='ocrx_word' id='word_1_144' title='bbox 1549 1119 1636 1155; x_wconf 87' lang='grc' dir='ltr'>εἶναι</span> <span class='ocrx_word' id='word_1_145' title='bbox 1661 1118 1816 1166; x_wconf 77' lang='grc' dir='ltr'>νομίζω),</span> 
     </span>
     <span class='ocr_line' id='line_1_15' title="bbox 232 1177 1816 1226; baseline -0.002 -11"><span class='ocrx_word' id='word_1_146' title='bbox 232 1181 342 1215; x_wconf 91' lang='lat' dir='ltr'>modo</span> <span class='ocrx_word' id='word_1_147' title='bbox 381 1181 513 1223; x_wconf 91' lang='lat' dir='ltr'>plurali</span> <span class='ocrx_word' id='word_1_148' title='bbox 549 1182 632 1223; x_wconf 76' lang='lat' dir='ltr'>(v.l</span> <span class='ocrx_word' id='word_1_149' title='bbox 677 1178 912 1225; x_wconf 78' lang='grc' dir='ltr'>----λοῦμεν.</span> <span class='ocrx_word' id='word_1_150' title='bbox 951 1182 1006 1213; x_wconf 80' lang='grc'>43.</span> <span class='ocrx_word' id='word_1_151' title='bbox 1032 1181 1072 1212; x_wconf 74' lang='grc'><strong>48</strong></span> <span class='ocrx_word' id='word_1_152' title='bbox 1104 1177 1215 1218; x_wconf 80' lang='grc' dir='ltr'>ἔδοξεν</span> <span class='ocrx_word' id='word_1_153' title='bbox 1245 1177 1361 1224; x_wconf 87' lang='grc' dir='ltr'>ἡμεῖν.</span> <span class='ocrx_word' id='word_1_154' title='bbox 1398 1182 1453 1212; x_wconf 86' lang='grc'>47.</span> <span class='ocrx_word' id='word_1_155' title='bbox 1481 1182 1522 1212; x_wconf 88' lang='grc'>48</span> <span class='ocrx_word' id='word_1_156' title='bbox 1555 1177 1676 1226; x_wconf 80' lang='grc' dir='ltr'>ἤρεσεν</span> <span class='ocrx_word' id='word_1_157' title='bbox 1699 1177 1816 1223; x_wconf 83' lang='grc' dir='ltr'>ἡμεῖν.</span> 
     </span>
     <span class='ocr_line' id='line_1_16' title="bbox 233 1236 1816 1283; baseline -0.001 -12"><span class='ocrx_word' id='word_1_158' title='bbox 233 1243 251 1271; x_wconf 83' lang='lat'>5</span> <span class='ocrx_word' id='word_1_159' title='bbox 279 1237 426 1278; x_wconf 77' lang='grc' dir='ltr'>ἐδίδαξεν</span> <span class='ocrx_word' id='word_1_160' title='bbox 451 1236 553 1283; x_wconf 81' lang='grc' dir='ltr'><strong>ἡμᾶς.</strong></span> <span class='ocrx_word' id='word_1_161' title='bbox 586 1241 628 1270; x_wconf 81' lang='lat'>27</span> <span class='ocrx_word' id='word_1_162' title='bbox 657 1236 932 1283; x_wconf 74' lang='grc' dir='ltr'>ἐδοκιμάσαμεν).</span> <span class='ocrx_word' id='word_1_163' title='bbox 981 1238 1055 1271; x_wconf 87' lang='lat' dir='ltr'>lam</span> <span class='ocrx_word' id='word_1_164' title='bbox 1089 1246 1173 1271; x_wconf 90' lang='lat' dir='ltr'>cum</span> <span class='ocrx_word' id='word_1_165' title='bbox 1203 1237 1442 1280; x_wconf 86' lang='lat' dir='ltr'>proconsules</span> <span class='ocrx_word' id='word_1_166' title='bbox 1472 1237 1605 1280; x_wconf 89' lang='lat' dir='ltr'>aliique</span> <span class='ocrx_word' id='word_1_167' title='bbox 1627 1237 1816 1279; x_wconf 85' lang='lat' dir='ltr'>magistra-</span> 
     </span>
     <span class='ocr_line' id='line_1_17' title="bbox 233 1294 1815 1339; baseline -0.001 -10"><span class='ocrx_word' id='word_1_168' title='bbox 233 1298 291 1329; x_wconf 89' lang='lat' dir='ltr'>tus</span> <span class='ocrx_word' id='word_1_169' title='bbox 309 1305 454 1339; x_wconf 86' lang='lat' dir='ltr'>semper</span> <span class='ocrx_word' id='word_1_170' title='bbox 470 1297 690 1338; x_wconf 82' lang='lat' dir='ltr'>singularem</span> <span class='ocrx_word' id='word_1_171' title='bbox 707 1297 854 1339; x_wconf 88' lang='lat' dir='ltr'>ponant,</span> <span class='ocrx_word' id='word_1_172' title='bbox 879 1296 916 1328; x_wconf 93' lang='lat' dir='ltr'>in</span> <span class='ocrx_word' id='word_1_173' title='bbox 932 1296 1061 1328; x_wconf 89' lang='lat' dir='ltr'>litteris</span> <span class='ocrx_word' id='word_1_174' title='bbox 1084 1296 1344 1339; x_wconf 90' lang='lat' dir='ltr'>imperatorum</span> <span class='ocrx_word' id='word_1_175' title='bbox 1362 1296 1611 1328; x_wconf 87' lang='lat' dir='ltr'>Romanorum</span> <span class='ocrx_word' id='word_1_176' title='bbox 1627 1295 1695 1328; x_wconf 86' lang='lat' dir='ltr'>etsi</span> <span class='ocrx_word' id='word_1_177' title='bbox 1719 1294 1815 1328; x_wconf 88' lang='lat' dir='ltr'>idem</span> 
     </span>
     <span class='ocr_line' id='line_1_18' title="bbox 231 1352 1816 1397; baseline -0.001 -10"><span class='ocrx_word' id='word_1_178' title='bbox 231 1363 406 1388; x_wconf 90' lang='lat' dir='ltr'>numerus</span> <span class='ocrx_word' id='word_1_179' title='bbox 430 1354 601 1388; x_wconf 90' lang='lat' dir='ltr'>sollennis</span> <span class='ocrx_word' id='word_1_180' title='bbox 619 1357 685 1397; x_wconf 87' lang='lat' dir='ltr'>est,</span> <span class='ocrx_word' id='word_1_181' title='bbox 711 1356 832 1388; x_wconf 90' lang='lat' dir='ltr'>tamen</span> <span class='ocrx_word' id='word_1_182' title='bbox 849 1354 985 1396; x_wconf 90' lang='lat' dir='ltr'>passim</span> <span class='ocrx_word' id='word_1_183' title='bbox 1010 1353 1162 1396; x_wconf 90' lang='lat' dir='ltr'>pluralis</span> <span class='ocrx_word' id='word_1_184' title='bbox 1178 1354 1345 1396; x_wconf 81' lang='lat' dir='ltr'>exempla</span> <span class='ocrx_word' id='word_1_185' title='bbox 1368 1354 1602 1386; x_wconf 87' lang='lat' dir='ltr'>inveniuntur</span> <span class='ocrx_word' id='word_1_186' title='bbox 1617 1352 1682 1386; x_wconf 91' lang='lat' dir='ltr'>ubi</span> <span class='ocrx_word' id='word_1_187' title='bbox 1698 1360 1816 1395; x_wconf 85' lang='lat' dir='ltr'>neque</span> 
     </span>
     <span class='ocr_line' id='line_1_19' title="bbox 230 1410 1857 1454; baseline 0.001 -10"><span class='ocrx_word' id='word_1_188' title='bbox 230 1412 353 1454; x_wconf 88' lang='lat' dir='ltr'>plures</span> <span class='ocrx_word' id='word_1_189' title='bbox 369 1411 523 1453; x_wconf 83' lang='lat' dir='ltr'>Augusti</span> <span class='ocrx_word' id='word_1_190' title='bbox 543 1412 606 1454; x_wconf 91' lang='lat' dir='ltr'>qui</span> <span class='ocrx_word' id='word_1_191' title='bbox 630 1421 703 1445; x_wconf 88' lang='lat' dir='ltr'>una</span> <span class='ocrx_word' id='word_1_192' title='bbox 728 1412 987 1454; x_wconf 88' lang='lat' dir='ltr'>imperaverint</span> <span class='ocrx_word' id='word_1_193' title='bbox 1003 1411 1160 1452; x_wconf 86' lang='lat' dir='ltr'>intellegi</span> <span class='ocrx_word' id='word_1_194' title='bbox 1178 1412 1334 1454; x_wconf 89' lang='lat' dir='ltr'>possunt</span> <span class='ocrx_word' id='word_1_195' title='bbox 1350 1419 1468 1453; x_wconf 87' lang='lat' dir='ltr'>neque</span> <span class='ocrx_word' id='word_1_196' title='bbox 1487 1411 1656 1453; x_wconf 86' lang='lat' dir='ltr'>princeps</span> <span class='ocrx_word' id='word_1_197' title='bbox 1672 1410 1816 1452; x_wconf 84' lang='lat' dir='ltr'>praeter</span> <span class='ocrx_word' id='word_1_198' title='bbox 1856 1443 1857 1446; x_wconf 74' lang='grc'>,</span> 
     </span>
     <span class='ocr_line' id='line_1_20' title="bbox 230 1466 1858 1512; baseline -0.001 -10"><span class='ocrx_word' id='word_1_199' title='bbox 230 1478 269 1502; x_wconf 89' lang='lat' dir='ltr'>se</span> <span class='ocrx_word' id='word_1_200' title='bbox 282 1470 403 1512; x_wconf 88' lang='lat' dir='ltr'>ipsum</span> <span class='ocrx_word' id='word_1_201' title='bbox 418 1470 527 1502; x_wconf 84' lang='lat' dir='ltr'>etiam</span> <span class='ocrx_word' id='word_1_202' title='bbox 542 1470 631 1502; x_wconf 88' lang='lat' dir='ltr'>alios</span> <span class='ocrx_word' id='word_1_203' title='bbox 644 1470 810 1502; x_wconf 89' lang='lat' dir='ltr'>homines</span> <span class='ocrx_word' id='word_1_204' title='bbox 822 1469 892 1502; x_wconf 88' lang='lat' dir='ltr'>hoc</span> <span class='ocrx_word' id='word_1_205' title='bbox 905 1477 1057 1502; x_wconf 89' lang='lat' dir='ltr'>numero</span> <span class='ocrx_word' id='word_1_206' title='bbox 1076 1468 1360 1511; x_wconf 89' lang='lat' dir='ltr'>comprehendit.</span> <span class='ocrx_word' id='word_1_207' title='bbox 1402 1467 1451 1501; x_wconf 84' lang='lat' dir='ltr'>Cf.</span> <span class='ocrx_word' id='word_1_208' title='bbox 1471 1466 1574 1510; x_wconf 78' lang='lat' dir='ltr'>Sy11.2</span> <span class='ocrx_word' id='word_1_209' title='bbox 1586 1470 1663 1511; x_wconf 80' lang='lat'>373,</span> <span class='ocrx_word' id='word_1_210' title='bbox 1678 1469 1721 1500; x_wconf 75' lang='lat'>22</span> <span class='ocrx_word' id='word_1_211' title='bbox 1735 1475 1814 1510; x_wconf 87' lang='lat' dir='ltr'>sqq.</span> <span class='ocrx_word' id='word_1_212' title='bbox 1851 1489 1858 1511; x_wconf 48' lang='lat'>&lt;3</span> 
     </span>
     <span class='ocr_line' id='line_1_21' title="bbox 229 1515 1858 1571; baseline -0.001 -12"><span class='ocrx_word' id='word_1_213' title='bbox 229 1525 286 1560; x_wconf 79' lang='grc' dir='ltr'>διὰ</span> <span class='ocrx_word' id='word_1_214' title='bbox 308 1526 392 1571; x_wconf 79' lang='grc' dir='ltr'>τ[ὴ]ν</span> <span class='ocrx_word' id='word_1_215' title='bbox 418 1525 599 1560; x_wconf 82' lang='grc' dir='ltr'>ἀνανέωσιν</span> <span class='ocrx_word' id='word_1_216' title='bbox 623 1531 690 1560; x_wconf 81' lang='grc' dir='ltr'>τῶν</span> <span class='ocrx_word' id='word_1_217' title='bbox 715 1526 797 1571; x_wconf 82' lang='grc' dir='ltr'>πρὸς</span> <span class='ocrx_word' id='word_1_218' title='bbox 820 1525 914 1570; x_wconf 86' lang='grc' dir='ltr'>ἡμᾶς</span> <span class='ocrx_word' id='word_1_219' title='bbox 940 1526 1212 1569; x_wconf 80' lang='lat' dir='ltr'>(imperatorem</span> <span class='ocrx_word' id='word_1_220' title='bbox 1229 1525 1419 1567; x_wconf 82' lang='lat' dir='ltr'>Neronem)</span> <span class='ocrx_word' id='word_1_221' title='bbox 1445 1524 1538 1571; x_wconf 77' lang='grc' dir='ltr'>αὐτῷ</span> <span class='ocrx_word' id='word_1_222' title='bbox 1554 1524 1692 1559; x_wconf 68' lang='grc' dir='ltr'>δικαίων</span> <span class='ocrx_word' id='word_1_223' title='bbox 1709 1523 1816 1569; x_wconf 80' lang='grc' dir='ltr'><strong>ὓπαρ-</strong></span> <span class='ocrx_word' id='word_1_224' title='bbox 1850 1515 1858 1570; x_wconf 65' lang='grc' dir='ltr'>Ξ</span> 
     </span>
     <span class='ocr_line' id='line_1_22' title="bbox 227 1571 1858 1630; baseline -0.001 -12"><span class='ocrx_word' id='word_1_225' title='bbox 227 1583 372 1630; x_wconf 81' lang='grc' dir='ltr'>χόντων.</span> <span class='ocrx_word' id='word_1_226' title='bbox 414 1585 529 1627; x_wconf 89' lang='lat' dir='ltr'>Supra</span> <span class='ocrx_word' id='word_1_227' title='bbox 554 1594 587 1618; x_wconf 91' lang='lat' dir='ltr'>n.</span> <span class='ocrx_word' id='word_1_228' title='bbox 606 1586 682 1627; x_wconf 75' lang='lat'>475,</span> <span class='ocrx_word' id='word_1_229' title='bbox 702 1586 732 1617; x_wconf 78' lang='grc'>4.</span> <span class='ocrx_word' id='word_1_230' title='bbox 751 1587 770 1617; x_wconf 82' lang='lat'><strong>5</strong></span> <span class='ocrx_word' id='word_1_231' title='bbox 785 1592 864 1626; x_wconf 90' lang='lat' dir='ltr'>sqq.</span> <span class='ocrx_word' id='word_1_232' title='bbox 896 1582 957 1617; x_wconf 81' lang='grc' dir='ltr'>ὅσα</span> <span class='ocrx_word' id='word_1_233' title='bbox 988 1594 1024 1616; x_wconf 86' lang='grc' dir='ltr'>τε</span> <span class='ocrx_word' id='word_1_234' title='bbox 1050 1581 1151 1621; x_wconf 85' lang='grc' dir='ltr'>αὐτὸς</span> <span class='ocrx_word' id='word_1_235' title='bbox 1185 1581 1436 1629; x_wconf 80' lang='grc' dir='ltr'>ἐφιλοτιμήθης</span> <span class='ocrx_word' id='word_1_236' title='bbox 1460 1581 1544 1627; x_wconf 84' lang='grc' dir='ltr'><strong>πρὸς</strong></span> <span class='ocrx_word' id='word_1_237' title='bbox 1566 1580 1661 1627; x_wconf 84' lang='grc' dir='ltr'>ἡμᾶς</span> <span class='ocrx_word' id='word_1_238' title='bbox 1694 1582 1815 1624; x_wconf 78' lang='lat' dir='ltr'>(Nero-</span> <span class='ocrx_word' id='word_1_239' title='bbox 1847 1571 1858 1624; x_wconf 61' lang='grc' dir='ltr'>ξ</span> 
     </span>
     <span class='ocr_line' id='line_1_23' title="bbox 230 1624 1858 1693; baseline -0.001 -18"><span class='ocrx_word' id='word_1_240' title='bbox 230 1642 322 1684; x_wconf 89' lang='lat' dir='ltr'>nem)</span> <span class='ocrx_word' id='word_1_241' title='bbox 348 1640 406 1675; x_wconf 70' lang='grc' dir='ltr'>καὶ</span> <span class='ocrx_word' id='word_1_242' title='bbox 431 1641 493 1675; x_wconf 80' lang='grc' dir='ltr'>ὅσα</span> <span class='ocrx_word' id='word_1_243' title='bbox 517 1639 689 1688; x_wconf 84' lang='grc' dir='ltr'>εἰσηγήσω</span> <span class='ocrx_word' id='word_1_244' title='bbox 712 1645 771 1687; x_wconf 87' lang='grc' dir='ltr'>τῆι</span> <span class='ocrx_word' id='word_1_245' title='bbox 795 1639 892 1674; x_wconf 81' lang='grc' dir='ltr'>πόλει</span> <span class='ocrx_word' id='word_1_246' title='bbox 916 1639 1118 1687; x_wconf 77' lang='grc' dir='ltr'>περιέχοντα</span> <span class='ocrx_word' id='word_1_247' title='bbox 1140 1639 1201 1678; x_wconf 82' lang='grc' dir='ltr'>τὰς</span> <span class='ocrx_word' id='word_1_248' title='bbox 1217 1639 1386 1686; x_wconf 79' lang='grc' dir='ltr'>ἡμετέρας</span> <span class='ocrx_word' id='word_1_249' title='bbox 1407 1638 1520 1686; x_wconf 80' lang='grc' dir='ltr'><strong>τιμάς.</strong></span> <span class='ocrx_word' id='word_1_250' title='bbox 1561 1639 1664 1683; x_wconf 83' lang='lat' dir='ltr'>Syll.2</span> <span class='ocrx_word' id='word_1_251' title='bbox 1679 1642 1807 1684; x_wconf 71' lang='lat' dir='ltr'>384,ss</span> <span class='ocrx_word' id='word_1_252' title='bbox 1846 1624 1858 1693; x_wconf 65' lang='lat' dir='ltr'>i</span> 
     </span>
     <span class='ocr_line' id='line_1_24' title="bbox 228 1694 1850 1746; baseline -0.001 -14"><span class='ocrx_word' id='word_1_253' title='bbox 228 1699 290 1745; x_wconf 81' lang='grc' dir='ltr'>τὴν</span> <span class='ocrx_word' id='word_1_254' title='bbox 322 1698 444 1746; x_wconf 85' lang='grc' dir='ltr'>χαράν,</span> <span class='ocrx_word' id='word_1_255' title='bbox 478 1697 561 1745; x_wconf 80' lang='grc' dir='ltr'>ὅσης</span> <span class='ocrx_word' id='word_1_256' title='bbox 587 1694 639 1745; x_wconf 78' lang='grc' dir='ltr'>ἐφ’</span> <span class='ocrx_word' id='word_1_257' title='bbox 659 1697 761 1743; x_wconf 81' lang='grc' dir='ltr'>ἡμεῖν</span> <span class='ocrx_word' id='word_1_258' title='bbox 786 1698 999 1740; x_wconf 87' lang='lat' dir='ltr'>(Antoninus</span> <span class='ocrx_word' id='word_1_259' title='bbox 1024 1698 1118 1739; x_wconf 86' lang='lat' dir='ltr'>Pius)</span> <span class='ocrx_word' id='word_1_260' title='bbox 1153 1696 1364 1743; x_wconf 78' lang='grc' dir='ltr'>ὡμολογεῖτε</span> <span class='ocrx_word' id='word_1_261' title='bbox 1396 1695 1647 1744; x_wconf 77' lang='grc' dir='ltr'>μετειληφέναι.</span> <span class='ocrx_word' id='word_1_262' title='bbox 1696 1697 1814 1737; x_wconf 80' lang='lat' dir='ltr'>Quare</span> <span class='ocrx_word' id='word_1_263' title='bbox 1847 1702 1850 1706; x_wconf 75' lang='grc'><strong>’</strong></span> 
     </span>
     <span class='ocr_line' id='line_1_25' title="bbox 227 1754 1850 1800; baseline -0.001 -10"><span class='ocrx_word' id='word_1_264' title='bbox 227 1759 319 1791; x_wconf 90' lang='lat' dir='ltr'>hanc</span> <span class='ocrx_word' id='word_1_265' title='bbox 344 1766 491 1800; x_wconf 89' lang='lat' dir='ltr'>quoque</span> <span class='ocrx_word' id='word_1_266' title='bbox 520 1758 635 1800; x_wconf 88' lang='lat' dir='ltr'>ipsius</span> <span class='ocrx_word' id='word_1_267' title='bbox 660 1756 834 1799; x_wconf 84' lang='lat' dir='ltr'>principis</span> <span class='ocrx_word' id='word_1_268' title='bbox 863 1756 1056 1799; x_wconf 87' lang='lat' dir='ltr'>epistulam</span> <span class='ocrx_word' id='word_1_269' title='bbox 1083 1764 1163 1789; x_wconf 91' lang='lat' dir='ltr'>esse</span> <span class='ocrx_word' id='word_1_270' title='bbox 1187 1756 1348 1798; x_wconf 87' lang='lat' dir='ltr'>apparet,</span> <span class='ocrx_word' id='word_1_271' title='bbox 1381 1764 1498 1798; x_wconf 89' lang='lat' dir='ltr'>neque</span> <span class='ocrx_word' id='word_1_272' title='bbox 1524 1755 1712 1789; x_wconf 84' lang='lat' dir='ltr'>dissimilis</span> <span class='ocrx_word' id='word_1_273' title='bbox 1736 1754 1814 1788; x_wconf 82' lang='lat' dir='ltr'>veri</span> <span class='ocrx_word' id='word_1_274' title='bbox 1843 1771 1850 1781; x_wconf 61' lang='grc' dir='ltr'>ι</span> 
     </span>
     <span class='ocr_line' id='line_1_26' title="bbox 230 1812 1814 1857; baseline -0.001 -9"><span class='ocrx_word' id='word_1_275' title='bbox 230 1817 285 1848; x_wconf 90' lang='lat' dir='ltr'>est</span> <span class='ocrx_word' id='word_1_276' title='bbox 308 1815 455 1848; x_wconf 87' lang='lat' dir='ltr'>editoris</span> <span class='ocrx_word' id='word_1_277' title='bbox 473 1816 691 1857; x_wconf 88' lang='lat' dir='ltr'>coniectura,</span> <span class='ocrx_word' id='word_1_278' title='bbox 716 1814 886 1847; x_wconf 86' lang='lat' dir='ltr'>Hadriani</span> <span class='ocrx_word' id='word_1_279' title='bbox 911 1814 1143 1857; x_wconf 87' lang='lat' dir='ltr'>potissimum</span> <span class='ocrx_word' id='word_1_280' title='bbox 1162 1822 1259 1855; x_wconf 88' lang='lat' dir='ltr'>esse;</span> <span class='ocrx_word' id='word_1_281' title='bbox 1287 1813 1393 1846; x_wconf 86' lang='lat' dir='ltr'>cuius</span> <span class='ocrx_word' id='word_1_282' title='bbox 1417 1813 1639 1856; x_wconf 90' lang='lat' dir='ltr'>principatui</span> <span class='ocrx_word' id='word_1_283' title='bbox 1663 1814 1699 1846; x_wconf 87' lang='lat' dir='ltr'>et</span> <span class='ocrx_word' id='word_1_284' title='bbox 1720 1812 1814 1846; x_wconf 83' lang='lat' dir='ltr'>litte-</span> 
     </span>
     <span class='ocr_line' id='line_1_27' title="bbox 228 1870 1814 1914; baseline -0.002 -8"><span class='ocrx_word' id='word_1_285' title='bbox 228 1874 390 1906; x_wconf 88' lang='lat' dir='ltr'>raturam</span> <span class='ocrx_word' id='word_1_286' title='bbox 415 1873 611 1906; x_wconf 88' lang='lat' dir='ltr'>convenire</span> <span class='ocrx_word' id='word_1_287' title='bbox 635 1874 672 1905; x_wconf 89' lang='lat' dir='ltr'>et</span> <span class='ocrx_word' id='word_1_288' title='bbox 695 1873 959 1914; x_wconf 85' lang='lat' dir='ltr'>argumentum,</span> <span class='ocrx_word' id='word_1_289' title='bbox 984 1870 1280 1914; x_wconf 87' lang='lat' dir='ltr'>quandoquidem</span> <span class='ocrx_word' id='word_1_290' title='bbox 1305 1879 1389 1903; x_wconf 90' lang='lat' dir='ltr'>eum</span> <span class='ocrx_word' id='word_1_291' title='bbox 1414 1870 1622 1913; x_wconf 82' lang='lat' dir='ltr'>singillatim</span> <span class='ocrx_word' id='word_1_292' title='bbox 1646 1870 1690 1904; x_wconf 92' lang='lat' dir='ltr'>de</span> <span class='ocrx_word' id='word_1_293' title='bbox 1707 1870 1814 1904; x_wconf 87' lang='lat' dir='ltr'>Grae-</span> 
     </span>
     <span class='ocr_line' id='line_1_28' title="bbox 229 1928 1814 1965; baseline -0.001 -2"><span class='ocrx_word' id='word_1_294' title='bbox 229 1940 355 1963; x_wconf 91' lang='lat' dir='ltr'>carum</span> <span class='ocrx_word' id='word_1_295' title='bbox 372 1931 575 1964; x_wconf 89' lang='lat' dir='ltr'>civitatium</span> <span class='ocrx_word' id='word_1_296' title='bbox 598 1930 776 1963; x_wconf 91' lang='lat' dir='ltr'>institutis</span> <span class='ocrx_word' id='word_1_297' title='bbox 801 1931 837 1963; x_wconf 83' lang='lat' dir='ltr'>et</span> <span class='ocrx_word' id='word_1_298' title='bbox 860 1929 1171 1963; x_wconf 82' lang='lat' dir='ltr'>administratione</span> <span class='ocrx_word' id='word_1_299' title='bbox 1188 1928 1394 1961; x_wconf 88' lang='lat' dir='ltr'>consultare</span> <span class='ocrx_word' id='word_1_300' title='bbox 1409 1930 1445 1961; x_wconf 91' lang='lat' dir='ltr'>et</span> <span class='ocrx_word' id='word_1_301' title='bbox 1463 1937 1609 1965; x_wconf 86' lang='lat' dir='ltr'>summa</span> <span class='ocrx_word' id='word_1_302' title='bbox 1623 1936 1709 1961; x_wconf 91' lang='lat' dir='ltr'>cum</span> <span class='ocrx_word' id='word_1_303' title='bbox 1726 1936 1814 1961; x_wconf 83' lang='lat' dir='ltr'>cura</span> 
     </span>
     <span class='ocr_line' id='line_1_29' title="bbox 229 1985 1841 2028; baseline -0.002 -7"><span class='ocrx_word' id='word_1_304' title='bbox 229 1988 273 2020; x_wconf 92' lang='lat' dir='ltr'>de</span> <span class='ocrx_word' id='word_1_305' title='bbox 298 1988 480 2021; x_wconf 89' lang='lat' dir='ltr'>eiusmodi</span> <span class='ocrx_word' id='word_1_306' title='bbox 505 1988 615 2021; x_wconf 91' lang='lat' dir='ltr'>rebus</span> <span class='ocrx_word' id='word_1_307' title='bbox 640 1988 833 2021; x_wconf 85' lang='lat' dir='ltr'>decernere</span> <span class='ocrx_word' id='word_1_308' title='bbox 851 1987 1084 2021; x_wconf 85' lang='lat' dir='ltr'>consuevisse</span> <span class='ocrx_word' id='word_1_309' title='bbox 1106 1986 1215 2019; x_wconf 90' lang='lat' dir='ltr'>etiam</span> <span class='ocrx_word' id='word_1_310' title='bbox 1233 1986 1322 2019; x_wconf 90' lang='lat' dir='ltr'>aliae</span> <span class='ocrx_word' id='word_1_311' title='bbox 1346 1986 1486 2019; x_wconf 84' lang='lat' dir='ltr'>litterae</span> <span class='ocrx_word' id='word_1_312' title='bbox 1502 1985 1728 2028; x_wconf 86' lang='lat' dir='ltr'>superstites,</span> <span class='ocrx_word' id='word_1_313' title='bbox 1751 1993 1813 2018; x_wconf 86' lang='lat' dir='ltr'>ve·</span> <span class='ocrx_word' id='word_1_314' title='bbox 1838 2007 1841 2026; x_wconf 78' lang='lat' dir='ltr'><em>s</em></span> 
     </span>
     <span class='ocr_line' id='line_1_30' title="bbox 228 2033 1844 2089; baseline -0.001 -11"><span class='ocrx_word' id='word_1_315' title='bbox 228 2045 295 2078; x_wconf 90' lang='lat' dir='ltr'>luti</span> <span class='ocrx_word' id='word_1_316' title='bbox 321 2046 356 2078; x_wconf 93' lang='lat' dir='ltr'>C.</span> <span class='ocrx_word' id='word_1_317' title='bbox 375 2046 398 2078; x_wconf 93' lang='grc' dir='ltr'>Ι.</span> <span class='ocrx_word' id='word_1_318' title='bbox 417 2046 488 2078; x_wconf 88' lang='lat' dir='ltr'>Att.</span> <span class='ocrx_word' id='word_1_319' title='bbox 505 2046 562 2088; x_wconf 86' lang='lat'>111,</span> <span class='ocrx_word' id='word_1_320' title='bbox 582 2048 636 2089; x_wconf 84' lang='grc'>38,</span> <span class='ocrx_word' id='word_1_321' title='bbox 662 2047 850 2079; x_wconf 87' lang='lat' dir='ltr'>testentur.</span> <span class='ocrx_word' id='word_1_322' title='bbox 890 2045 1065 2078; x_wconf 86' lang='lat' dir='ltr'>Videmus</span> <span class='ocrx_word' id='word_1_323' title='bbox 1081 2044 1245 2086; x_wconf 90' lang='lat' dir='ltr'>Pergami</span> <span class='ocrx_word' id='word_1_324' title='bbox 1261 2043 1372 2077; x_wconf 75' lang='lat' dir='ltr'>fuisse</span> <span class='ocrx_word' id='word_1_325' title='bbox 1389 2053 1551 2077; x_wconf 84' lang='lat' dir='ltr'>mensam</span> <span class='ocrx_word' id='word_1_326' title='bbox 1572 2043 1811 2086; x_wconf 83' lang='lat' dir='ltr'>argentariam</span> <span class='ocrx_word' id='word_1_327' title='bbox 1836 2033 1844 2084; x_wconf 49' lang='lat' dir='ltr'>J</span> 
     </span>
     <span class='ocr_line' id='line_1_31' title="bbox 228 2094 1838 2148; baseline -0.001 -13"><span class='ocrx_word' id='word_1_328' title='bbox 228 2102 412 2145; x_wconf 90' lang='lat' dir='ltr'>publicam</span> <span class='ocrx_word' id='word_1_329' title='bbox 438 2101 614 2148; x_wconf 81' lang='grc' dir='ltr'>(δημοσίαν</span> <span class='ocrx_word' id='word_1_330' title='bbox 638 2102 828 2148; x_wconf 80' lang='grc' dir='ltr'>τράπεζαν),</span> <span class='ocrx_word' id='word_1_331' title='bbox 858 2103 923 2136; x_wconf 91' lang='lat' dir='ltr'>sed</span> <span class='ocrx_word' id='word_1_332' title='bbox 946 2112 1028 2136; x_wconf 88' lang='lat' dir='ltr'>eam</span> <span class='ocrx_word' id='word_1_333' title='bbox 1051 2101 1261 2136; x_wconf 87' lang='lat' dir='ltr'>hominibus</span> <span class='ocrx_word' id='word_1_334' title='bbox 1286 2101 1437 2143; x_wconf 87' lang='lat' dir='ltr'>privatis</span> <span class='ocrx_word' id='word_1_335' title='bbox 1462 2101 1525 2143; x_wconf 91' lang='lat' dir='ltr'>qui</span> <span class='ocrx_word' id='word_1_336' title='bbox 1549 2101 1585 2134; x_wconf 92' lang='lat' dir='ltr'>in</span> <span class='ocrx_word' id='word_1_337' title='bbox 1609 2101 1679 2134; x_wconf 86' lang='lat' dir='ltr'>hoc</span> <span class='ocrx_word' id='word_1_338' title='bbox 1703 2108 1813 2143; x_wconf 86' lang='lat' dir='ltr'>quae·</span> <span class='ocrx_word' id='word_1_339' title='bbox 1835 2094 1838 2095; x_wconf 43' lang='lat'><em>⁷</em></span> 
     </span>
     <span class='ocr_line' id='line_1_32' title="bbox 229 2157 1844 2207; baseline -0.001 -14"><span class='ocrx_word' id='word_1_340' title='bbox 229 2161 307 2193; x_wconf 84' lang='lat' dir='ltr'>stus</span> <span class='ocrx_word' id='word_1_341' title='bbox 338 2169 468 2202; x_wconf 85' lang='lat' dir='ltr'>genere</span> <span class='ocrx_word' id='word_1_342' title='bbox 492 2163 726 2194; x_wconf 87' lang='lat' dir='ltr'>versarentur</span> <span class='ocrx_word' id='word_1_343' title='bbox 750 2159 983 2207; x_wconf 82' lang='grc' dir='ltr'>(τραπεζίταις)</span> <span class='ocrx_word' id='word_1_344' title='bbox 1008 2161 1163 2193; x_wconf 82' lang='lat' dir='ltr'>locatam</span> <span class='ocrx_word' id='word_1_345' title='bbox 1193 2158 1304 2192; x_wconf 83' lang='lat' dir='ltr'>fuisse</span> <span class='ocrx_word' id='word_1_346' title='bbox 1329 2158 1413 2201; x_wconf 84' lang='lat' dir='ltr'>(not.</span> <span class='ocrx_word' id='word_1_347' title='bbox 1433 2158 1487 2200; x_wconf 75' lang='lat'>⁴2)</span> <span class='ocrx_word' id='word_1_348' title='bbox 1517 2167 1559 2191; x_wconf 89' lang='lat' dir='ltr'>ea</span> <span class='ocrx_word' id='word_1_349' title='bbox 1591 2157 1811 2200; x_wconf 85' lang='lat' dir='ltr'>condicione,</span> <span class='ocrx_word' id='word_1_350' title='bbox 1838 2162 1844 2196; x_wconf 84' lang='grc'>,“</span> 
     </span>
     <span class='ocr_line' id='line_1_33' title="bbox 228 2217 1840 2261; baseline -0.002 -9"><span class='ocrx_word' id='word_1_351' title='bbox 228 2220 270 2251; x_wconf 88' lang='lat' dir='ltr'>ut</span> <span class='ocrx_word' id='word_1_352' title='bbox 293 2228 369 2252; x_wconf 90' lang='lat' dir='ltr'>non</span> <span class='ocrx_word' id='word_1_353' title='bbox 393 2219 529 2252; x_wconf 86' lang='lat' dir='ltr'>certam</span> <span class='ocrx_word' id='word_1_354' title='bbox 554 2220 748 2261; x_wconf 84' lang='lat' dir='ltr'>quotannis</span> <span class='ocrx_word' id='word_1_355' title='bbox 773 2228 956 2252; x_wconf 89' lang='lat' dir='ltr'>summam</span> <span class='ocrx_word' id='word_1_356' title='bbox 982 2218 1160 2252; x_wconf 87' lang='lat' dir='ltr'>mercedis</span> <span class='ocrx_word' id='word_1_357' title='bbox 1183 2218 1262 2251; x_wconf 84' lang='lat' dir='ltr'>loco</span> <span class='ocrx_word' id='word_1_358' title='bbox 1295 2217 1435 2251; x_wconf 86' lang='lat' dir='ltr'>aerario</span> <span class='ocrx_word' id='word_1_359' title='bbox 1460 2217 1619 2250; x_wconf 89' lang='lat' dir='ltr'>civitatis</span> <span class='ocrx_word' id='word_1_360' title='bbox 1643 2224 1812 2249; x_wconf 85' lang='lat' dir='ltr'>numera·</span> <span class='ocrx_word' id='word_1_361' title='bbox 1838 2237 1840 2241; x_wconf 37' lang='lat' dir='ltr'>s</span> 
     </span>
     <span class='ocr_line' id='line_1_34' title="bbox 230 2272 1841 2319; baseline -0.001 -11"><span class='ocrx_word' id='word_1_362' title='bbox 230 2278 318 2318; x_wconf 89' lang='lat' dir='ltr'>rent,</span> <span class='ocrx_word' id='word_1_363' title='bbox 353 2277 418 2309; x_wconf 91' lang='lat' dir='ltr'>sed</span> <span class='ocrx_word' id='word_1_364' title='bbox 441 2277 533 2309; x_wconf 91' lang='lat' dir='ltr'>lucri</span> <span class='ocrx_word' id='word_1_365' title='bbox 558 2277 615 2309; x_wconf 90' lang='lat' dir='ltr'>sui</span> <span class='ocrx_word' id='word_1_366' title='bbox 641 2278 780 2319; x_wconf 84' lang='lat' dir='ltr'>partem</span> <span class='ocrx_word' id='word_1_367' title='bbox 813 2272 1022 2319; x_wconf 82' lang='lat' dir='ltr'>aliquotam.</span> <span class='ocrx_word' id='word_1_368' title='bbox 1070 2276 1245 2308; x_wconf 88' lang='lat' dir='ltr'>Videmus</span> <span class='ocrx_word' id='word_1_369' title='bbox 1276 2275 1372 2308; x_wconf 89' lang='lat' dir='ltr'>enim</span> <span class='ocrx_word' id='word_1_370' title='bbox 1403 2283 1475 2307; x_wconf 93' lang='lat' dir='ltr'>non</span> <span class='ocrx_word' id='word_1_371' title='bbox 1504 2274 1613 2307; x_wconf 91' lang='lat' dir='ltr'>modo</span> <span class='ocrx_word' id='word_1_372' title='bbox 1642 2274 1810 2316; x_wconf 86' lang='lat' dir='ltr'>ipsorum</span> <span class='ocrx_word' id='word_1_373' title='bbox 1839 2314 1841 2317; x_wconf 22' lang='grc' dir='ltr'><strong><em>ι</em></strong></span> 
     </span>
     <span class='ocr_line' id='line_1_35' title="bbox 228 2329 1810 2377; baseline -0.002 -11"><span class='ocrx_word' id='word_1_374' title='bbox 228 2335 517 2376; x_wconf 87' lang='lat' dir='ltr'>argentariorum</span> <span class='ocrx_word' id='word_1_375' title='bbox 542 2334 748 2367; x_wconf 80' lang='lat' dir='ltr'>interfuisse</span> <span class='ocrx_word' id='word_1_376' title='bbox 773 2335 896 2376; x_wconf 84' lang='lat' dir='ltr'>augeri</span> <span class='ocrx_word' id='word_1_377' title='bbox 925 2335 1119 2377; x_wconf 88' lang='lat' dir='ltr'>pecuniam</span> <span class='ocrx_word' id='word_1_378' title='bbox 1154 2343 1199 2366; x_wconf 79' lang='lat' dir='ltr'>ex</span> <span class='ocrx_word' id='word_1_379' title='bbox 1231 2333 1291 2366; x_wconf 92' lang='lat' dir='ltr'>illo</span> <span class='ocrx_word' id='word_1_380' title='bbox 1316 2333 1460 2375; x_wconf 88' lang='lat' dir='ltr'>negotio</span> <span class='ocrx_word' id='word_1_381' title='bbox 1492 2331 1714 2373; x_wconf 88' lang='lat' dir='ltr'>redeuntem,</span> <span class='ocrx_word' id='word_1_382' title='bbox 1747 2329 1810 2363; x_wconf 87' lang='lat' dir='ltr'>sed</span> 
     </span>
     <span class='ocr_line' id='line_1_36' title="bbox 227 2387 1810 2434; baseline -0.002 -11"><span class='ocrx_word' id='word_1_383' title='bbox 227 2391 337 2424; x_wconf 89' lang='lat' dir='ltr'>etiam</span> <span class='ocrx_word' id='word_1_384' title='bbox 363 2391 408 2424; x_wconf 91' lang='lat' dir='ltr'>ad</span> <span class='ocrx_word' id='word_1_385' title='bbox 441 2392 557 2433; x_wconf 89' lang='lat' dir='ltr'>ipsam</span> <span class='ocrx_word' id='word_1_386' title='bbox 589 2392 774 2425; x_wconf 86' lang='lat' dir='ltr'>civitatem</span> <span class='ocrx_word' id='word_1_387' title='bbox 804 2392 888 2424; x_wconf 89' lang='lat' dir='ltr'>inde</span> <span class='ocrx_word' id='word_1_388' title='bbox 919 2391 1054 2434; x_wconf 90' lang='lat' dir='ltr'>aliquid</span> <span class='ocrx_word' id='word_1_389' title='bbox 1085 2391 1323 2424; x_wconf 90' lang='lat' dir='ltr'>emolumenti</span> <span class='ocrx_word' id='word_1_390' title='bbox 1352 2389 1502 2423; x_wconf 86' lang='lat' dir='ltr'>rediisse</span> <span class='ocrx_word' id='word_1_391' title='bbox 1535 2388 1588 2430; x_wconf 79' lang='lat' dir='ltr'>(cf.</span> <span class='ocrx_word' id='word_1_392' title='bbox 1613 2398 1648 2422; x_wconf 87' lang='lat' dir='ltr'>v.</span> <span class='ocrx_word' id='word_1_393' title='bbox 1667 2390 1723 2421; x_wconf 88' lang='grc'><strong>48.</strong></span> <span class='ocrx_word' id='word_1_394' title='bbox 1743 2387 1810 2430; x_wconf 82' lang='grc'><strong>49).</strong></span> 
     </span>
     <span class='ocr_line' id='line_1_37' title="bbox 228 2445 1838 2491; baseline -0.001 -11"><span class='ocrx_word' id='word_1_395' title='bbox 228 2449 300 2481; x_wconf 87' lang='lat' dir='ltr'>lllis</span> <span class='ocrx_word' id='word_1_396' title='bbox 329 2449 440 2489; x_wconf 89' lang='lat' dir='ltr'>igitur</span> <span class='ocrx_word' id='word_1_397' title='bbox 471 2457 617 2481; x_wconf 89' lang='lat' dir='ltr'>mensae</span> <span class='ocrx_word' id='word_1_398' title='bbox 649 2449 817 2491; x_wconf 89' lang='lat' dir='ltr'>publicae</span> <span class='ocrx_word' id='word_1_399' title='bbox 847 2449 1134 2482; x_wconf 88' lang='lat' dir='ltr'>conductoribus</span> <span class='ocrx_word' id='word_1_400' title='bbox 1163 2449 1200 2482; x_wconf 90' lang='lat' dir='ltr'>id</span> <span class='ocrx_word' id='word_1_401' title='bbox 1230 2447 1410 2490; x_wconf 89' lang='lat' dir='ltr'>privilegii</span> <span class='ocrx_word' id='word_1_402' title='bbox 1439 2446 1517 2488; x_wconf 89' lang='lat' dir='ltr'>lege</span> <span class='ocrx_word' id='word_1_403' title='bbox 1540 2445 1699 2479; x_wconf 89' lang='lat' dir='ltr'>civitatis</span> <span class='ocrx_word' id='word_1_404' title='bbox 1723 2453 1810 2478; x_wconf 85' lang='lat' dir='ltr'>eon·</span> <span class='ocrx_word' id='word_1_405' title='bbox 1836 2451 1838 2454; x_wconf 80' lang='grc'>’</span> 
     </span>
     <span class='ocr_line' id='line_1_38' title="bbox 229 2502 1838 2549; baseline -0.002 -11"><span class='ocrx_word' id='word_1_406' title='bbox 229 2514 372 2539; x_wconf 87' lang='lat' dir='ltr'>cessum</span> <span class='ocrx_word' id='word_1_407' title='bbox 403 2507 490 2548; x_wconf 82' lang='lat' dir='ltr'>erat,</span> <span class='ocrx_word' id='word_1_408' title='bbox 524 2507 565 2538; x_wconf 86' lang='lat' dir='ltr'>ut</span> <span class='ocrx_word' id='word_1_409' title='bbox 596 2506 695 2539; x_wconf 91' lang='lat' dir='ltr'>nulla</span> <span class='ocrx_word' id='word_1_410' title='bbox 726 2507 794 2539; x_wconf 91' lang='lat' dir='ltr'>nisi</span> <span class='ocrx_word' id='word_1_411' title='bbox 820 2516 885 2548; x_wconf 88' lang='lat' dir='ltr'>per</span> <span class='ocrx_word' id='word_1_412' title='bbox 909 2515 972 2540; x_wconf 90' lang='lat' dir='ltr'>eos</span> <span class='ocrx_word' id='word_1_413' title='bbox 996 2506 1172 2549; x_wconf 90' lang='lat' dir='ltr'>pecuniae</span> <span class='ocrx_word' id='word_1_414' title='bbox 1197 2505 1435 2539; x_wconf 85' lang='lat' dir='ltr'>commutatio</span> <span class='ocrx_word' id='word_1_415' title='bbox 1467 2503 1579 2536; x_wconf 86' lang='lat' dir='ltr'>fieret.</span> <span class='ocrx_word' id='word_1_416' title='bbox 1627 2502 1705 2541; x_wconf 90' lang='lat' dir='ltr'>Quo</span> <span class='ocrx_word' id='word_1_417' title='bbox 1731 2503 1810 2535; x_wconf 85' lang='lat' dir='ltr'>iure</span> <span class='ocrx_word' id='word_1_418' title='bbox 1836 2511 1838 2513; x_wconf 52' lang='lat'><em>&#39;</em></span> 
     </span>
     <span class='ocr_line' id='line_1_39' title="bbox 228 2556 1809 2605; baseline -0.002 -10"><span class='ocrx_word' id='word_1_419' title='bbox 228 2556 312 2596; x_wconf 84' lang='lat' dir='ltr'>cum</span> <span class='ocrx_word' id='word_1_420' title='bbox 336 2563 387 2595; x_wconf 92' lang='lat' dir='ltr'>illi</span> <span class='ocrx_word' id='word_1_421' title='bbox 420 2563 651 2605; x_wconf 86' lang='lat' dir='ltr'>impudenter</span> <span class='ocrx_word' id='word_1_422' title='bbox 681 2564 785 2596; x_wconf 91' lang='lat' dir='ltr'>abusi</span> <span class='ocrx_word' id='word_1_423' title='bbox 816 2566 938 2597; x_wconf 89' lang='lat' dir='ltr'>essent</span> <span class='ocrx_word' id='word_1_424' title='bbox 962 2565 998 2597; x_wconf 91' lang='lat' dir='ltr'>et</span> <span class='ocrx_word' id='word_1_425' title='bbox 1022 2564 1228 2597; x_wconf 85' lang='lat' dir='ltr'>exactiones</span> <span class='ocrx_word' id='word_1_426' title='bbox 1252 2570 1368 2595; x_wconf 87' lang='lat' dir='ltr'>novas</span> <span class='ocrx_word' id='word_1_427' title='bbox 1393 2561 1605 2603; x_wconf 89' lang='lat' dir='ltr'>neutiquam</span> <span class='ocrx_word' id='word_1_428' title='bbox 1630 2559 1809 2602; x_wconf 84' lang='lat' dir='ltr'>legitimas</span> 
     </span>
     <span class='ocr_line' id='line_1_40' title="bbox 228 2617 1842 2663; baseline -0.001 -9"><span class='ocrx_word' id='word_1_429' title='bbox 228 2621 273 2654; x_wconf 89' lang='lat' dir='ltr'>ad</span> <span class='ocrx_word' id='word_1_430' title='bbox 298 2622 490 2663; x_wconf 87' lang='lat' dir='ltr'>quaestum</span> <span class='ocrx_word' id='word_1_431' title='bbox 508 2630 617 2662; x_wconf 93' lang='lat' dir='ltr'>quem</span> <span class='ocrx_word' id='word_1_432' title='bbox 641 2630 685 2653; x_wconf 82' lang='lat' dir='ltr'>ex</span> <span class='ocrx_word' id='word_1_433' title='bbox 703 2621 952 2654; x_wconf 88' lang='lat' dir='ltr'>commutandi</span> <span class='ocrx_word' id='word_1_434' title='bbox 974 2621 1118 2663; x_wconf 86' lang='lat' dir='ltr'>negotio</span> <span class='ocrx_word' id='word_1_435' title='bbox 1142 2619 1320 2653; x_wconf 85' lang='lat' dir='ltr'>faciebant</span> <span class='ocrx_word' id='word_1_436' title='bbox 1336 2618 1595 2660; x_wconf 82' lang='lat' dir='ltr'>adiunxissent,</span> <span class='ocrx_word' id='word_1_437' title='bbox 1620 2617 1809 2659; x_wconf 81' lang='lat' dir='ltr'>magistra·</span> <span class='ocrx_word' id='word_1_438' title='bbox 1840 2647 1842 2652; x_wconf 94' lang='lat'>.</span> 
     </span>
     <span class='ocr_line' id='line_1_41' title="bbox 229 2673 1842 2721; baseline -0.001 -10"><span class='ocrx_word' id='word_1_439' title='bbox 229 2680 287 2712; x_wconf 86' lang='lat' dir='ltr'>tus</span> <span class='ocrx_word' id='word_1_440' title='bbox 319 2679 622 2720; x_wconf 85' lang='lat' dir='ltr'>Pergamenorum</span> <span class='ocrx_word' id='word_1_441' title='bbox 654 2678 813 2721; x_wconf 86' lang='lat' dir='ltr'>quidem,</span> <span class='ocrx_word' id='word_1_442' title='bbox 850 2679 936 2720; x_wconf 87' lang='lat' dir='ltr'>quia</span> <span class='ocrx_word' id='word_1_443' title='bbox 967 2679 1076 2711; x_wconf 88' lang='lat' dir='ltr'>etiam</span> <span class='ocrx_word' id='word_1_444' title='bbox 1112 2678 1293 2710; x_wconf 86' lang='lat' dir='ltr'>aerarium</span> <span class='ocrx_word' id='word_1_445' title='bbox 1329 2675 1517 2718; x_wconf 89' lang='lat' dir='ltr'>publicum</span> <span class='ocrx_word' id='word_1_446' title='bbox 1554 2675 1637 2708; x_wconf 89' lang='lat' dir='ltr'>inde</span> <span class='ocrx_word' id='word_1_447' title='bbox 1673 2673 1808 2717; x_wconf 85' lang='lat' dir='ltr'>aliquid</span> <span class='ocrx_word' id='word_1_448' title='bbox 1838 2705 1842 2709; x_wconf 85' lang='lat'>.</span> 
     </span>
     <span class='ocr_line' id='line_1_42' title="bbox 227 2731 1808 2779; baseline -0.003 -10"><span class='ocrx_word' id='word_1_449' title='bbox 227 2736 448 2779; x_wconf 88' lang='lat' dir='ltr'>lucrabatur,</span> <span class='ocrx_word' id='word_1_450' title='bbox 473 2736 618 2769; x_wconf 91' lang='lat' dir='ltr'>illorum</span> <span class='ocrx_word' id='word_1_451' title='bbox 643 2736 816 2769; x_wconf 87' lang='lat' dir='ltr'>avaritiae</span> <span class='ocrx_word' id='word_1_452' title='bbox 839 2735 983 2768; x_wconf 88' lang='lat' dir='ltr'>obviam</span> <span class='ocrx_word' id='word_1_453' title='bbox 1008 2736 1061 2768; x_wconf 91' lang='lat' dir='ltr'>ire</span> <span class='ocrx_word' id='word_1_454' title='bbox 1085 2735 1330 2776; x_wconf 87' lang='lat' dir='ltr'>neglexerunt,</span> <span class='ocrx_word' id='word_1_455' title='bbox 1355 2741 1469 2775; x_wconf 88' lang='lat' dir='ltr'>quare</span> <span class='ocrx_word' id='word_1_456' title='bbox 1492 2734 1716 2765; x_wconf 87' lang='lat' dir='ltr'>mercatores</span> <span class='ocrx_word' id='word_1_457' title='bbox 1731 2731 1808 2765; x_wconf 88' lang='lat' dir='ltr'>alii·</span> 
     </span>
     <span class='ocr_line' id='line_1_43' title="bbox 227 2790 1846 2836; baseline -0.003 -10"><span class='ocrx_word' id='word_1_458' title='bbox 227 2803 298 2835; x_wconf 92' lang='lat' dir='ltr'>que</span> <span class='ocrx_word' id='word_1_459' title='bbox 322 2794 488 2827; x_wconf 90' lang='lat' dir='ltr'>homines</span> <span class='ocrx_word' id='word_1_460' title='bbox 511 2793 646 2836; x_wconf 88' lang='lat' dir='ltr'>privati</span> <span class='ocrx_word' id='word_1_461' title='bbox 669 2793 816 2825; x_wconf 90' lang='lat' dir='ltr'>illorum</span> <span class='ocrx_word' id='word_1_462' title='bbox 841 2792 966 2826; x_wconf 82' lang='lat' dir='ltr'>fraude</span> <span class='ocrx_word' id='word_1_463' title='bbox 982 2792 1102 2825; x_wconf 86' lang='lat' dir='ltr'>vexati</span> <span class='ocrx_word' id='word_1_464' title='bbox 1127 2792 1384 2833; x_wconf 88' lang='lat' dir='ltr'>imperatorem</span> <span class='ocrx_word' id='word_1_465' title='bbox 1409 2790 1586 2832; x_wconf 86' lang='lat' dir='ltr'>adierunt,</span> <span class='ocrx_word' id='word_1_466' title='bbox 1610 2790 1675 2832; x_wconf 89' lang='lat' dir='ltr'>qui</span> <span class='ocrx_word' id='word_1_467' title='bbox 1698 2797 1807 2822; x_wconf 82' lang='lat' dir='ltr'>causa</span> <span class='ocrx_word' id='word_1_468' title='bbox 1843 2802 1846 2807; x_wconf 67' lang='lat'><strong><em>¹</em></strong></span> 
     </span>
     <span class='ocr_line' id='line_1_44' title="bbox 227 2847 1808 2894; baseline -0.003 -10"><span class='ocrx_word' id='word_1_469' title='bbox 227 2852 371 2893; x_wconf 86' lang='lat' dir='ltr'>cognita</span> <span class='ocrx_word' id='word_1_470' title='bbox 393 2852 463 2884; x_wconf 93' lang='lat' dir='ltr'>hoc</span> <span class='ocrx_word' id='word_1_471' title='bbox 487 2851 665 2894; x_wconf 89' lang='lat' dir='ltr'>rescripto</span> <span class='ocrx_word' id='word_1_472' title='bbox 690 2850 758 2883; x_wconf 91' lang='lat' dir='ltr'>toti</span> <span class='ocrx_word' id='word_1_473' title='bbox 781 2850 1050 2883; x_wconf 87' lang='lat' dir='ltr'>controversiae</span> <span class='ocrx_word' id='word_1_474' title='bbox 1073 2848 1181 2882; x_wconf 89' lang='lat' dir='ltr'>finem</span> <span class='ocrx_word' id='word_1_475' title='bbox 1207 2848 1395 2891; x_wconf 83' lang='lat' dir='ltr'>imposuit.</span> <span class='ocrx_word' id='word_1_476' title='bbox 1442 2847 1493 2880; x_wconf 91' lang='lat' dir='ltr'>De</span> <span class='ocrx_word' id='word_1_477' title='bbox 1518 2847 1699 2880; x_wconf 91' lang='lat' dir='ltr'>locatione</span> <span class='ocrx_word' id='word_1_478' title='bbox 1722 2855 1808 2879; x_wconf 88' lang='lat' dir='ltr'>con-</span> 
     </span>
     <span class='ocr_line' id='line_1_45' title="bbox 227 2904 1561 2950; baseline -0.002 -10"><span class='ocrx_word' id='word_1_479' title='bbox 227 2907 398 2941; x_wconf 88' lang='lat' dir='ltr'>ductione</span> <span class='ocrx_word' id='word_1_480' title='bbox 423 2917 570 2942; x_wconf 87' lang='lat' dir='ltr'>mensae</span> <span class='ocrx_word' id='word_1_481' title='bbox 593 2908 816 2950; x_wconf 80' lang='lat' dir='ltr'>argentariae</span> <span class='ocrx_word' id='word_1_482' title='bbox 839 2907 1008 2950; x_wconf 86' lang='lat' dir='ltr'>publicae</span> <span class='ocrx_word' id='word_1_483' title='bbox 1032 2906 1075 2939; x_wconf 83' lang='lat' dir='ltr'>cf.</span> <span class='ocrx_word' id='word_1_484' title='bbox 1101 2915 1194 2948; x_wconf 89' lang='lat' dir='ltr'>quae</span> <span class='ocrx_word' id='word_1_485' title='bbox 1218 2906 1389 2939; x_wconf 88' lang='lat' dir='ltr'>adnotavi</span> <span class='ocrx_word' id='word_1_486' title='bbox 1413 2915 1446 2938; x_wconf 89' lang='lat' dir='ltr'>n.</span> <span class='ocrx_word' id='word_1_487' title='bbox 1466 2904 1561 2938; x_wconf 76' lang='grc'><strong>5456.</strong></span> 
     </span>
    </p>
   </div>
   <div class='ocr_carea' id='block_1_5' title="bbox 1831 1720 1858 3126">
    <p class='ocr_par' dir='ltr' id='par_1_5' title="bbox 1831 1720 1858 3126">
     <span class='ocr_line' id='line_1_46' title="bbox 1831 1720 1858 3126; baseline 0 0"><span class='ocrx_word' id='word_1_488' title='bbox 1831 1720 1858 3126; x_wconf 95' lang='lat' dir='ltr'> </span> 
     </span>
    </p>
   </div>
  </div>
 </body>
</html>
