1858 3126
221 128 301 169 196
381 127 469 159 VIII.
506 125 653 168 Imperii
669 125 818 158 Romani
834 125 1043 167 provinciae
1060 125 1262 158 orientales.
1305 127 1335 158 2.
1362 125 1529 168 Bithynia
1552 126 1620 159 etc.
1667 125 1792 168 [534-

264 275 305 307 10
331 264 402 319 τὴν
454 261 652 320 μεγίΙσι-ην
704 262 833 320 ἀρχὴν
884 266 954 319 τῆς
1002 261 1286 319 λαμπροτάτης
1323 260 1622 319 Ἀμαστριανῶν
1665 261 1678 320 ΙΙ
1720 264 1792 304 πό-

329 334 489 387 λεωςῙθ,
526 330 862 389 Ι·ὶε-;ιι()υνιάρχης11
898 330 967 374 καὶ
1003 330 1292 389 ποντάρχηςῙῗ,
1327 329 1543 387 τειμηΙθεὶς
1581 330 1655 373 ὑπὸ
1692 331 1790 373 θεοῦ

326 399 635 455 ἈντωνείνουῙῧ,
683 399 833 448 πάσαις
877 402 962 448 ταῖς
999 401 1096 457 [τῆς]
1141 400 1146 457 Ι
1177 400 1402 448 πολειτείας
1435 401 1591 456 τειμαῖς
1627 401 1791 456 διαπρέ-

330 472 467 528 ψας14,’
510 468 816 517 κατασκευάσας
856 469 860 526 Ι
899 469 964 512 τὸν
1010 469 1104 511 ναὸν
1152 467 1252 525 μετὰ
1297 468 1441 516 παντὸς
1484 471 1554 510 τοῦ
1597 470 1749 525 κόσμου
1783 470 1787 525 Ι

333 540 557 597 ἀφιέρωσεν
589 540 630 582 ἐν
660 542 717 596 τῷ
749 536 836 581 θοσ’
867 538 1004 581 ἔτειῑὸ.

213 715 402 747 honorem.
449 713 539 746 Nam
570 713 648 755 ipsa
680 712 826 754 quidem
858 712 985 754 officia,
1018 721 1110 754 quae
1141 712 1197 744 his
1233 711 1385 744 vocibus
1418 711 1631 753 indicantur,
1664 709 1788 743 distin-

213 771 353 813 guenda
366 772 462 813 sunt,
475 771 560 812 quia
572 770 684 803 altera
695 770 887 812 appellatio
901 770 945 802 ad
962 778 1142 802 summam
1157 777 1344 802 sacrorum
1358 768 1636 811 provincialium
1653 776 1788 810 curam,

213 829 326 862 altera
350 828 395 861 ad
419 828 665 861 conventuum
690 827 831 860 concilii
855 828 1061 869 provinciae
1085 827 1244 868 regimen
1268 826 1436 868 refertum
1469 834 1592 868 quare,
1617 834 1710 868 quae
1733 826 1789 858 est

212 886 307 919 illius
346 886 473 919 aetatis
505 886 542 918 in
574 893 616 918 eo
654 893 783 926 genere
813 884 1025 926 verbositas,
1066 894 1139 917 non
1179 884 1384 917 mirandum
1422 885 1478 917 est
1508 892 1550 916 ea
1582 883 1787 925 singillatim

213 943 428 985 enumerari,
453 943 522 975 etsi
547 951 690 984 semper
715 942 760 975 ab
785 942 912 974 eodem
937 942 1085 974 homine
1108 942 1328 975 coniunctim
1351 941 1578 983 gerebant-ur.
1619 940 1787 974 Ceterum

211 1002 314 1034 Ponti
339 1001 484 1033 nomine
508 1000 568 1032 hic
591 1000 742 1032 indicari
766 1001 907 1041 partem
932 999 1191 1032 occidentalem
1216 999 1294 1032 eius
1318 1000 1445 1041 terrae,
1477 1007 1569 1041 quae
1599 999 1678 1031 tum
1702 1006 1786 1030 cum

210 1058 381 1100 Bithynia
409 1067 519 1091 unam
545 1057 771 1099 provinciam
802 1056 989 1099 efficiebat,
1022 1058 1182 1099 apparet.
1235 1057 1287 1089 De
1316 1056 1394 1089 aliis
1419 1056 1522 1090 Ponti
1545 1055 1711 1098 partibus
1743 1054 1787 1088 cf.

210 1125 244 1148 n.
263 1115 359 1148 5293.
368 1114 393 1147 9.
515 1117 554 1146 40
590 1114 638 1147 Cf.
667 1115 704 1146 G.
723 1114 924 1147 Hirschfeld
949 1123 1005 1156 ap.
1021 1114 1332 1156 Pauly-Wissowa
1354 1112 1698 1155 Realencyklopiidie
1722 1113 1746 1154 I,
1766 1115 1785 1144 2

209 1182 245 1216 p.
265 1175 351 1205 4749
377 1182 410 1205 n.
432 1175 460 1205 4.
509 1172 691 1214 Oppidum
724 1172 760 1204 in
785 1180 847 1204 ora
872 1172 1132 1213 Paphlagoniae
1157 1172 1279 1213 situm,
1304 1172 1479 1204 orientem
1506 1179 1630 1203 versus
1654 1169 1700 1203 ab
1724 1174 1786 1202 ore

209 1231 392 1263 Parthenii
421 1230 591 1271 fluminiS,
623 1229 809 1262 conditum
835 1228 907 1261 fere
939 1238 969 1261 a.
998 1231 1060 1261 300
1088 1238 1117 1261 a.
1137 1229 1217 1261 Chr.
1252 1228 1297 1261 ab
1319 1228 1477 1261 Amastri
1510 1228 1640 1270 regina.
1695 1227 1784 1260 Cum

210 1290 306 1321 certe
338 1288 420 1320 inde
445 1297 465 1320 a
489 1287 630 1319 Traiani
663 1288 778 1319 aetate
810 1286 863 1328 (cf.
889 1287 1097 1328 Marquardt
1131 1287 1230 1319 Rom.
1257 1286 1597 1328 Staatsverwaltung
1622 1286 1636 1317 1
1666 1293 1700 1327 p.
1720 1287 1783 1318 355

211 1347 283 1378 not.
293 1349 323 1388 9,
341 1346 405 1387 qui
421 1346 598 1387 provocat
615 1345 660 1377 ad
676 1344 808 1377 Eckhel
825 1345 864 1376 D.
882 1344 924 1379 N.
943 1345 973 1375 11
990 1353 1024 1385 p.
1044 1346 1119 1376 386.
1156 1344 1316 1376 Mionnet
1331 1344 1360 1376 Il
1378 1352 1412 1386 p.
1432 1346 1491 1376 394
1523 1353 1555 1376 n.
1569 1344 1623 1376 24.
1656 1342 1692 1375 C.
1707 1342 1731 1374 Ι.
1745 1342 1782 1374 G.

211 1405 310 1445 4449,
330 1405 358 1435 4.
379 1406 409 1444 5,
440 1402 503 1435 uhi
528 1404 648 1434 tamen
674 1411 717 1434 ex
741 1401 843 1434 foeda
869 1401 1075 1443 corruptela
1101 1399 1342 1445 μητροπόλεως
1366 1401 1428 1434 vix
1452 1402 1550 1433 certo
1575 1399 1784 1433 restitutum
1810 1431 1815 1435 ,

207 1460 362 1500 videtur)
387 1460 457 1492 hoc
483 1460 659 1501 oppidum
693 1468 776 1492 orae
801 1459 967 1492 Ponticae
1000 1459 1211 1500 metropolis
1244 1458 1360 1501 fuerit,
1394 1467 1480 1491 sane
1510 1458 1662 1500 mireris,
1693 1457 1784 1490 hanc

207 1517 444 1550 honorificam
462 1517 739 1559 appellationem
763 1517 822 1549 hic
846 1525 919 1548 non
944 1516 1023 1557 legi.
1063 1516 1230 1548 Ceterum
1255 1516 1328 1548 fere
1353 1515 1423 1548 diei
1447 1516 1574 1548 itinere
1591 1514 1783 1547 delubrum

206 1576 302 1607 Iovis
327 1575 493 1606 Boniteni
518 1574 563 1607 ab
589 1574 679 1606 urbe
702 1574 860 1606 Amastri
885 1574 1019 1606 distare
1043 1573 1185 1606 monuit
1208 1573 1372 1606 Doublet.
1468 1575 1505 1604 44
1544 1572 1594 1605 Cf.
1616 1581 1650 1605 n.
1667 1571 1782 1605 52810.

206 1635 249 1664 42
281 1632 329 1664 Cf.
354 1633 427 1664 not.
448 1635 466 1663 9
492 1633 528 1663 et
543 1640 577 1664 n.
596 1630 693 1664 5292.
734 1631 895 1664 Eundem
913 1631 1099 1663 hominem
1116 1631 1383 1672 bithyniarchia
1401 1631 1437 1663 et
1453 1630 1667 1673 pentarchia
1684 1629 1783 1671 fungi

206 1688 315 1720 etiam
341 1687 437 1729 apud
460 1686 833 1727 Lebas-Waddington
851 1687 906 1728 111,
925 1688 1025 1727 4478,
1047 1689 1086 1718 45
1112 1686 1291 1728 vIdemus,
1315 1694 1407 1727 quae
1424 1694 1481 1718 res
1506 1693 1577 1718 non
1601 1685 1694 1718 mira
1716 1685 1782 1726 est,

206 1744 386 1786 siquidem
411 1744 483 1777 duo
509 1744 656 1785 quidem
681 1744 834 1776 concilia
864 1746 899 1776 et
931 1743 1131 1776 sacerdotia
1156 1743 1390 1785 provincialia
1421 1742 1583 1785 fuerunt,
1616 1742 1680 1775 sed
1710 1751 1782 1774 una

206 1802 404 1844 provincia.
525 1804 562 1833 43
595 1802 639 1834 Μ.
657 1802 888 1843 Antoninum,
914 1802 976 1843 qui
1000 1801 1107 1842 volgo
1125 1801 1305 1833 Caracalla
1327 1795 1528 1843 appellatur
1544 1800 1586 1842 (a.
1600 1801 1779 1832 244-247

205 1869 238 1902 p.
258 1860 337 1892 Chr.
352 1860 396 1901 n.)
415 1859 570 1901 intellegi
588 1868 631 1891 ex
652 1868 745 1892 anno
765 1860 848 1900 (not.
870 1859 920 1899 45)
940 1860 1100 1900 apparet.
1141 1857 1267 1900 Neque
1285 1866 1371 1891 vero
1389 1859 1486 1890 recte
1502 1857 1779 1890 Hirschfeldium
1802 1894 1809 1900 ,

206 1918 249 1949 de
286 1918 430 1949 decreto
469 1926 542 1958 quo
580 1917 749 1949 omnibus
785 1916 907 1948 liberis
944 1916 1154 1948 hominibus
1190 1917 1253 1957 qui
1283 1916 1321 1948 in
1353 1915 1440 1948 orbe
1469 1915 1628 1947 Romano
1661 1916 1780 1947 essent

205 1975 332 2006 civitas
346 1974 506 2006 Romana
524 1974 606 2006 data
624 1976 719 2007 esset
735 1974 893 2015 cogitare
909 1973 1118 2006 observavit
1131 1973 1302 2014 Doublet;
1321 1981 1404 2005 nam
1421 1972 1490 2005 hoc
1507 1972 1654 2014 quidem
1670 1971 1779 2004 bene-

204 2031 327 2063 ficium
353 2032 426 2063 tam
459 2031 529 2063 late
563 2032 722 2072 patuisse
755 2033 795 2063 ut
825 2031 861 2063 id
891 2031 927 2062 in
956 2039 1028 2062 uno
1053 2030 1200 2062 homine
1230 2029 1435 2071 singillatim
1465 2028 1582 2061 efferri
1614 2029 1779 2071 ineptum

206 2089 311 2120 esset.
359 2088 473 2119 Immo
506 2088 596 2120 alios
629 2089 783 2120 honores
814 2087 859 2120 ab
891 2088 1108 2129 imperatore
1139 2087 1208 2128 ipsi
1238 2086 1440 2119 Alexandro
1476 2086 1636 2119 tributos
1665 2086 1775 2118 innui.

211 2147 250 2177 44
283 2145 366 2177 Post
391 2147 523 2188 τειμαῖς
555 2147 735 2177 commate
760 2145 948 2185 distinguit
973 2144 1114 2185 Cagnat,
1152 2145 1235 2185 post
1258 2139 1467 2176 Ἀντωνείνου
1505 2153 1575 2176 non
1598 2143 1697 2186 item,
1737 2145 1778 2176 ut

204 2202 435 2235 manifestum
462 2202 508 2234 sit
532 2210 615 2233 eum
640 2202 737 2234 hunc
761 2202 922 2234 dativum
949 2211 969 2234 a
993 2198 1174 2244 τειμηθείς,
1199 2210 1272 2233 non
1298 2210 1319 2233 a
1343 2199 1529 2246 διαπρέψας
1546 2200 1775 2243 suspendere.

201 2259 247 2291 At
272 2260 302 2292 si
328 2259 371 2292 de
396 2259 639 2292 Romanorum
664 2260 811 2292 civitate
835 2257 1047 2300 cogitamus,
1079 2260 1142 2291 aut
1172 2259 1207 2290 id
1232 2259 1349 2291 inesse
1374 2260 1504 2300 potest,
1533 2257 1775 2291 Alexandrum

201 2317 263 2349 illo
289 2317 489 2349 caracallae
516 2317 661 2349 decreto
688 2318 805 2348 civem
830 2316 963 2348 factum
990 2325 1083 2358 esse;
1110 2317 1209 2358 quod
1234 2325 1350 2358 neque
1371 2318 1448 2349 erat
1473 2325 1538 2361 cur
1560 2317 1619 2349 hic
1643 2315 1776 2348 indica-

202 2376 302 2406 retur
336 2374 417 2414 (not.
440 2374 490 2414 43)
532 2383 598 2406 nec
630 2374 782 2415 simplex
807 2374 863 2406 ius
894 2374 1050 2406 civitatis
1083 2374 1406 2406 circumlocutione
1436 2372 1558 2410 πάσαις
1587 2375 1662 2409 ταῖς
1692 2372 1775 2416 [τῆς]

201 2429 385 2468 πολειτείας
410 2434 524 2474 τιμαῖς
551 2431 727 2463 enuntiari
754 2433 903 2473 poterat.
967 2430 1037 2463 Aut
1074 2431 1117 2463 de
1149 2431 1360 2473 honoribus,
1399 2432 1421 2464 i.
1444 2440 1474 2463 e.
1505 2430 1774 2474 magistratibus

201 2489 357 2531 publicis
382 2488 670 2531 intellegendum,
696 2488 829 2530 quibus
855 2488 1025 2521 omnihus
1056 2490 1224 2522 ornatum
1250 2489 1457 2531 praedicare
1480 2487 1663 2520 hominem
1687 2495 1773 2529 pro-

199 2546 389 2579 vincialem
416 2546 562 2578 omnino
589 2546 854 2587 ineptissimum
881 2547 972 2587 erat;
998 2555 1039 2578 ac
1057 2546 1228 2588 profecto,
1252 2547 1281 2579 si
1300 2546 1357 2578 ille
1374 2545 1431 2578 vel
1449 2546 1618 2587 quaestor
1635 2543 1773 2586 fuisset,

199 2604 269 2636 hoc
286 2613 369 2636 eum
388 2603 554 2636 distincte
572 2603 840 2636 enuntiaturum
861 2604 971 2636 fuisse
990 2603 1219 2636 manifestum
1234 2605 1299 2636 est.
1324 2602 1426 2641 Quod
1444 2603 1475 2635 si
1491 2603 1618 2635 neutra
1634 2602 1772 2635 ratione

198 2662 288 2695 haec
311 2661 356 2694 ad
379 2669 437 2693 res
463 2661 639 2693 Romanas
665 2661 787 2693 referri
814 2662 974 2703 possunt,
1001 2663 1112 2694 restat
1137 2663 1176 2693 ut
1201 2658 1385 2697 πολειτείας
1403 2660 1446 2692 de
1463 2659 1771 2692 Amastrianorum

199 2720 344 2752 civitate
368 2719 656 2760 interpretemur,
681 2719 892 2759 praesertim
919 2727 1001 2751 cum
1028 2718 1197 2751 omnibus
1222 2718 1356 2759 patriae
1382 2716 1581 2749 honoribus
1604 2716 1768 2750 functum

200 2786 279 2809 esse
303 2776 536 2818 perfrequens
561 2776 609 2808 sit
632 2776 667 2808 in
692 2776 763 2808 hoc
780 2777 970 2809 titulorum
988 2784 1115 2817 genere
1139 2776 1226 2808 laus.
1268 2775 1316 2807 Cf.
1342 2784 1375 2807 n.
1394 2776 1470 2815 543,
1490 2777 1525 2806 5:
1553 2773 1638 2816 μετὰ
1662 2773 1771 2809 πάσας

196 2833 256 2870 τὰς
288 2833 322 2867 ἐν
355 2834 404 2878 τῷ
433 2831 523 2867 ἔθνει
558 2831 758 2877 φιλοτιμίας.
812 2833 945 2865 Verum
982 2833 1047 2865 hos
1081 2834 1235 2865 honores
1267 2840 1340 2864 non
1373 2832 1570 2874 imperator
1599 2832 1630 2863 ei
1661 2829 1768 2872 dedit,

199 2892 262 2924 sed
293 2892 431 2924 civitas.
495 2890 611 2929 Quare
650 2891 694 2923 ad
723 2890 891 2923 Doubleti
930 2890 1257 2932 interpunctionem
1293 2889 1518 2923 redeundum
1554 2888 1768 2922 existimavi.
