1858 3126
6 242 21 267 R

8 361 22 381 ,2¹

6 767 400 844 }9„m⁶<„„.„.

547 147 635 179 vul.
670 146 739 179 Res
763 147 800 179 et
822 145 936 179 verba
960 146 1188 180 notabiliora.

116 283 290 331 βασιλείας
311 283 396 318 δέκα
419 285 475 328 90,
493 291 547 319 49.
587 282 611 329 ἠ
629 281 828 329 καλουμένη

116 340 272 388 βασιλεία
301 341 411 389 ψχέντ
433 343 489 386 90,
507 348 562 376 44.
605 340 829 378 ἀσπιδοειδεῖς

117 397 288 445 βασιλεῖαι
311 398 367 443 56,
385 405 438 433 02.
463 399 519 442 90,
538 405 577 432 4⁴

71 454 260 502 βασίλειοψ
291 457 322 491 1.
345 455 467 501 regim
492 455 627 502 ἔγγιστα
649 458 711 490 τοῦ
734 454 828 500 βασι-

114 507 210 547 λείου
225 513 301 556 199,
313 520 342 547 ι.
367 514 399 547 2.
416 510 827 558 imiynereyiaemaie-

114 568 221 605 ειαὼ
235 570 292 614 90,
303 577 357 604 4⁵.
395 571 427 604 3.
444 569 573 605 domus
588 568 827 615 magnaram

115 626 182 662 oui
200 637 335 663 nomm
351 625 509 672 βασιλεύς
532 637 577 662 m
591 625 707 662 libera
718 636 826 671 repu-

114 682 224 720 blica:
263 685 328 731 τὴν
362 683 532 719 συνοικίαν
566 684 629 730 τὴν
664 683 748 731 πρὸς
781 683 830 728 τῷ

115 739 276 787 βασιλείῳ
301 741 380 806 328,
398 747 440 776 22

431 798 485 842 (cl.
514 799 624 832 etiam
657 797 729 832 find.
754 798 825 840 Vl).

114 853 274 900 βασιλεὺς
304 853 429 890 Ἰώνων
459 855 619 899 489,15.
666 853 826 900 βασίληες

114 911 215 959 (ἀρχὴ
239 909 491 959 Μυτιληναίων)
517 913 550 956 2,
571 919 599 946 ι.
619 919 649 946 9.
670 919 709 946 13

69 967 261 1014 βασιλικός·
290 969 335 1017 τῇ
367 968 529 1017 βασιλικῇ
554 968 661 1017 βουλῇ
686 969 745 1003 καὶ
771 968 826 1002 δυ-

112 1024 214 1071 νάμει
236 1026 316 1070 441,
334 1033 388 1061 40.
438 1025 621 1071 βασιλικῶν
654 1025 826 1070 δαιμόνων

113 1081 192 1127 383,
212 1089 288 1118 118.
327 1082 375 1121 εἰς
393 1081 558 1128 βοήθειαν
575 1082 715 1130 ἀγώνων
734 1082 827 1128 βασι-

112 1138 220 1174 λικῶν
245 1139 323 1184 383,
338 1147 392 1175 οῦ.
434 1139 591 1186 βασιλικὰ
607 1139 828 1185 ὀφειλήματα

113 1196 169 1240 90,
190 1203 242 1231 13.
278 1195 472 1244 ἀναγράψαι
494 1196 544 1236 είς
566 1197 627 1236 τὰς
652 1195 826 1242 βασιλικὰς

112 1253 246 1300 γραφάς
265 1254 343 1298 225,
362 1260 416 1289 23.
457 1253 615 1300 βασιλικὴ
631 1256 731 1301 χώρα
747 1254 826 1297 221,

115 1318 168 1346 41.
198 1317 251 1346 68.
303 1309 476 1356 βασιλικὸς
510 1310 615 1357 νόμος
655 1309 703 1353 (ἐν
740 1308 826 1356 Περ-

112 1367 224 1414 γάμῳ)
255 1368 336 1412 483,
363 1375 393 1403 1.
445 1367 603 1414 βασιλικὴ
635 1367 715 1406 ὁδός
747 1367 826 1410 225,

114 1432 168 1461 41.
187 1432 241 1460 48.
279 1430 348 1460 τῶν
364 1424 486 1460 οὐσιῶν
501 1430 570 1459 τῶν
589 1423 824 1471 γεγενημένων

114 1481 296 1527 βασιλικῶν
331 1482 410 1527 338,
440 1488 494 1517 25.
547 1481 714 1527 βασιλικοὶ
749 1480 827 1515 λαοί

111 1538 191 1582 221,
211 1545 264 1573 40.
304 1538 478 1585 βασιλικὸς
506 1538 725 1586 γραμματεὺς
744 1535 824 1584 Ἑρ-

112 1594 299 1642 *amaea-ou
329 1596 388 1630 καὶ
415 1594 669 1631 Λατοπολείτου
695 1596 773 1638 683,
794 1602 823 1629 1.

111 1651 284 1698 βασιλικοὶ
299 1656 511 1699 γραμματεῖς
529 1653 606 1696 139,
621 1660 651 1687 0.
675 1653 754 1695 665,
770 1661 823 1688 31.

111 1709 340 1756 γραμματέως
372 1707 489 1744 Φιλῶν
520 1710 599 1753 204,
627 1717 655 1743 1.
687 1729 733 1734 -
764 1710 824 1754 βα-

112 1765 237 1800 σιλικοί
281 1765 501 1802 mhstantive
547 1765 654 1809 (semi
695 1765 823 1810 re9i3):

113 1822 192 1866 338,
226 1829 280 1858 21.
319 1841 366 1848 -
405 1822 562 1868 βασιλική
604 1822 825 1858 substantive

112 1878 316 1924 (portiousk
351 1878 387 1913 ἐν
418 1880 462 1927 τῇ
494 1879 614 1926 ἐξέδρᾳ
643 1884 705 1924 τῆς
731 1879 823 1924 βασι-

111 1935 213 1983 λικῆς
229 1937 308 1980 511,
327 1945 379 1971 15.
400 1956 448 1962 --
467 1936 642 1982 βασιλικόν
657 1936 823 1972 sub-etam

111 1992 182 2028 tivo
216 1992 416 2036 (aerarium
447 1993 620 2039 reyium):
647 1987 700 2028 ’τὰ
734 1994 824 2028 ἀνει-

110 2042 274 2096 λημμένα
290 2051 339 2089 εἰς
354 2051 393 2086 τὸ
410 2050 584 2096 βασιλικὸν
597 2051 709 2098 χωρία
723 2053 777 2096 59,
793 2060 823 2086 9.

111 2111 180 2141 τῶν
205 2106 252 2146 εἰς
275 2107 315 2141 τὸ
346 2107 519 2153 βασιλικὸν
552 2107 824 2154 συντελουμένων

113 2163 168 2207 90,
189 2170 241 2198 17.
279 2163 324 2198 τὰ
347 2163 556 2209 ὀφειλόμενα
585 2165 636 2203 είς
658 2168 696 2200 τὸ
730 2165 823 2211 βασι-

110 2219 208 2254 λικόν
233 2221 288 2264 90,
307 2226 361 2255 29.
401 2216 454 2267 ἐφ’
485 2216 514 2267 ᾧ
543 2222 639 2256 οὐδὲν
664 2222 824 2258 ἀποτελεῖ

112 2275 162 2315 εἰς
177 2277 216 2311 τὸ
234 2276 406 2322 βασιλικόν
421 2278 500 2322 225,
519 2286 548 2312 9.
590 2279 684 2318 ὅπως
705 2280 822 2319 αὐτοῖς

114 2333 252 2368 διδῶται
283 2334 323 2368 ἐκ
354 2333 529 2379 βασιλικοῦ
553 2336 595 2370 τά
625 2348 662 2370 τε
697 2337 821 2383 μετρή-

114 2403 205 2436 ματα
221 2391 282 2425 καὶ
300 2390 343 2425 τὰ
359 2391 489 2437 ὀψώνια
503 2391 612 2426 τᾶλλα
628 2392 690 2427 ὅσα
707 2393 823 2429 εἰώθει

4 2455 8 2463 ’“
29 2439 39 2466 3
114 2447 155 2481 ἐκ
172 2446 345 2492 βασιλικοῦ
362 2447 513 2483 δίδοσθαι
531 2449 646 2488 αὐτοῖς
664 2450 819 2494 229,107

7 2504 14 2509 ’
36 2501 215 2548 βασιλίς·
250 2504 285 2538 ἐν
319 2505 363 2552 τῇ
403 2504 550 2550 βασιλίδι
583 2503 707 2552 Ῥώμῃ
745 2507 822 2550 595,

115 2568 168 2595 17.
188 2568 241 2596 30.
281 2561 330 2599 εἰς
352 2562 414 2607 τὴν
441 2562 595 2608 βασιλίδα
617 2563 744 2608 ταυτην
761 2563 823 2597 πό·-

4 2632 46 2697 ἔ
111 2616 164 2651 λιν
189 2615 567 2661 (Κωνσταντινοὺπολιν)
593 2620 669 2662 521,
689 2626 729 2654 22

7 2673 30 2736 Ξῖ-
67 2671 261 2718 βασιλίσκος
285 2676 363 2719 201,
383 2682 412 2710 1.
432 2683 485 2710 10.
533 2674 720 2720 βασιλίσκοι
744 2676 822 2719 200,

117 2738 169 2765 18.
188 2738 229 2766 28

68 2784 245 2831 βασίλισσα
266 2787 412 2833 passim

10 2832 29 2893 j}
68 2841 256 2887 βασιλισταί
281 2846 356 2888 130,
376 2852 393 2878 6

7 2905 18 2924 ’ὲ
69 2897 164 2943 βάσις
187 2901 266 2944 491,
287 2908 340 2935 14.
377 2902 416 2935 τὸ
440 2901 635 2947 σύνπλεγμα
651 2903 710 2935 τοῦ
726 2897 822 2935 Ἀθά·

1572 150 1659 192 639

945 296 1069 329 μαντος
1105 284 1164 319 σὺν
1198 286 1241 331 τῇ
1279 284 1375 330 βάσει
1409 286 1489 330 481,
1516 294 1547 322 0.
1593 287 1659 334 τὴν

944 340 1041 385 βάσιν
1074 343 1143 385 (τοῦ
1169 341 1376 386 ἀνδριάντος)
1408 342 1448 377 ἐκ
1478 346 1540 378 τοῦ
1571 342 1658 378 ίδίου

942 398 1258 437 κατασκευάσαντος
1281 399 1360 443 476,
1378 408 1409 434 5.
1456 400 1515 435 τὸν
1545 399 1658 446 ἀνδρι-

942 454 1026 489 άντα
1058 455 1117 490 σὺν
1147 456 1190 502 τῇ
1223 455 1319 500 βάσει
1351 455 1500 502 ἀνέθηκε
1528 458 1607 501 705,
1627 464 1658 492 6.

943 512 998 546 ἐπὶ
1032 511 1314 558 καθωσιωμένων
1352 512 1483 559 βάσεων
1517 514 1598 558 383,
1625 522 1656 550 8.

943 569 999 603 ἐπὶ
1028 574 1096 603 τῶν
1129 569 1257 614 βάσεων
1287 571 1366 614 480,
1385 579 1415 605 0.
1463 570 1658 617 ἀναγράψαι

942 625 980 660 δὲ
1003 626 1080 660 τόδε
1102 627 1141 660 τὸ
1165 626 1328 672 ψήφισμα
1350 647 1397 653 -
1420 627 1477 662 ἐπὶ
1501 632 1563 674 ιής
1597 628 1658 674 βά-

942 693 1027 720 σεως
1037 688 1106 716 τῶν
1119 682 1258 717 εἰκόνων
1270 687 1331 718 τοῦ
1348 683 1515 730 βασιλέως
1528 683 1657 720 Πτολε-

942 739 1044 784 μαίου
1076 739 1136 774 καὶ
1165 745 1228 785 τῆς
1258 740 1455 787 βασιλίσσης
1485 739 1658 788 Ἀρσινόης

942 795 997 840 81,
1016 802 1069 831 25.
1110 796 1301 844 ἀναγράψαι
1324 798 1403 832 τόδε
1434 799 1474 833 τὸ
1496 798 1657 846 ψάφισμα

942 853 978 888 ἐν
992 855 1035 900 τᾷ
1053 854 1147 900 βάσει
1162 855 1205 901 τᾷ
1220 859 1280 890 τοῦ
1299 854 1468 901 βασιλέως
1482 852 1656 904 Ἀντιόχου

942 912 1021 955 234,
1040 919 1094 947 93.
1135 912 1423 959 ἀναγραψάτωσαν
1447 932 1494 939 —-
1519 913 1575 948 ἐπὶ
1593 917 1657 959 τῆς

943 967 1075 1013 βάσεως
1098 974 1161 1014 τῆς
1184 965 1327 1015 Ῥώμης
1352 971 1430 1014 762,
1452 978 1492 1005 15

898 1024 1024 1072 βαφεὺς
1048 1027 1127 1069 491,
1148 1034 1185 1060 11

899 1081 1053 1127 βέβαιος·
1081 1082 1217 1129 βεβαίαν
1242 1084 1295 1118 δεῖ
1317 1083 1379 1129 τήν
1397 1084 1656 1132 πρωτοπραξίαν

943 1138 1126 1185 φυλάσσειν
1151 1141 1230 1185 669,
1249 1147 1290 1176 25

898 1195 1062 1240 βεβαιόω·
1094 1195 1235 1231 ἀσυλίαν
1263 1202 1326 1243 τῆς
1356 1193 1434 1243 παρ’
1457 1197 1536 1242 ὑμῖν
1568 1196 1657 1243 Περ-

943 1257 1041 1298 σικῆς
1069 1253 1153 1292 θεᾶς
1186 1254 1242 1288 ἐπὶ
1269 1254 1379 1300 τούτῳ
1414 1253 1540 1300 βεβαιῶ
1573 1253 1654 1300 ὑμῖν

943 1307 1021 1354 33³,
1041 1317 1059 1344 2

898 1365 1086 1411 βέλτιστος·
1115 1367 1184 1402 ἀπὸ
1212 1371 1272 1402 τοῦ
1299 1367 1470 1414 βελτίστου
1501 1369 1580 1412 229,
1598 1375 1654 1403 49.

942 1424 1021 1468 266,
1041 1430 1094 1458 25.
1141 1424 1208 1460 ἀπὸ
1238 1426 1361 1464 παντὸς
1390 1429 1451 1460 τοῦ
1476 1425 1655 1471 βελτίστου

942 1481 1020 1524 735,
1040 1488 1081 1516 20

896 1537 1188 1583 β(ενε)φ(ικιάριος)
1213 1539 1290 1583 615,
1310 1547 1328 1573 5

895 1594 991 1641 βῆμα
1016 1595 1125 1638 (bas-223
1141 1598 1311 1638 statuaer
1336 1596 1391 1630 ἐπὶ
1416 1597 1570 1643 βήματος
1593 1600 1656 1631 τοῦ

939 1650 1063 1686 λευκοῦ
1081 1652 1179 1687 λίθου
1205 1654 1283 1696 219,
1303 1660 1356 1688 36.
1397 1654 1578 1702 ἐπιγράψαι
1597 1653 1655 1688 ἐπὶ

941 1713 1002 1743 τοῦ
1029 1709 1183 1754 βήματος
1208 1711 1285 1754 299,
1307 1718 1346 1744 15

896 1765 967 1812 βία·
992 1766 1076 1811 πρὸς
1101 1765 1175 1811 βίαν
1194 1766 1342 1811 passim

896 1822 1020 1868 βίαιος·
1047 1823 1105 1857 ἐάν
1129 1835 1181 1861 τις
1205 1823 1285 1868 ὑμῖν
1311 1823 1509 1871 ἐπιδημήσῃ
1535 1822 1653 1869 βιαίως

940 1881 1019 1924 609,
1040 1887 1078 1914 ιο

894 1936 988 1983 βιβλ-
1012 1948 1046 1971 v.
1073 1936 1169 1983 βυβλ.

894 1993 1118 2041 βιθυνιάρχης
1142 1995 1220 2038 525,
1240 2003 1270 2028 7.
1296 1995 1374 2038 528,
1395 2002 1446 2030 ιο.
1473 1995 1551 2039 531,
1570 2001 1610 2029 ιο

894 2051 983 2098 βίος·
1008 2051 1064 2085 διὰ
1077 2051 1152 2096 βίου
1163 2050 1319 2096 passim.
1346 2050 1420 2095 [ὄτα
1436 2051 1486 2095 δὲ]
1500 2048 1653 2091 Ἀλέξαν-

940 2109 1018 2154 δρος
1043 2108 1230 2151 διάλ[λαΕεν
1261 2110 1319 2143 τὸν
1353 2108 1426 2155 μετ’
1447 2108 1651 2154 ἀνθρώ]πων

940 2164 1013 2211 βίον
1046 2166 1079 2209 4,
1099 2173 1128 2200 3.
1157 2173 1188 2199 4.
1233 2170 1295 2212 τῆς
1325 2170 1563 2212 πραγματικῆς
1593 2165 1651 2199 καὶ

938 2226 1002 2268 τῆς
1024 2222 1113 2256 κατὰ
1134 2223 1191 2256 τὸν
1218 2222 1290 2267 βίον
1315 2222 1469 2262 εὐταξίας
1494 2223 1571 2265 329,
1591 2230 1609 2256 8

894 2278 1022 2325 βλάβη·
1056 2278 1136 2317 τοὺς
1162 2279 1198 2312 δὲ
1223 2278 1429 2324 θαρροῦντας
1456 2279 1505 2324 μὴ
1530 2277 1651 2325 ἀνέχε-

940 2335 1017 2370 σθαι
1043 2335 1174 2381 βλάβης
1199 2336 1276 2377 521,
1300 2342 1339 2368 13

893 2392 1034 2439 βλάπτω
1053 2392 1200 2436 passim

894 2448 988 2494 βλὺω
999 2459 1007 2467 ·
1033 2446 1108 2495 παρ’
1124 2448 1194 2495 ὄρει
1211 2447 1349 2494 θερμῶν
1367 2446 1499 2482 ὑδάτων
1514 2447 1649 2493 βλύοντι

941 2506 1017 2549 199,
1039 2513 1075 2539 ιι

894 2562 1020 2607 βόειος·
1045 2562 1126 2608 σὰρξ
1151 2562 1245 2608 βοεία
1271 2564 1324 2606 78,
1344 2569 1383 2596 21

893 2617 1051 2664 βοήθεια·
1076 2625 1144 2652 τῶν
1175 2620 1258 2663 πρὸς
1287 2620 1349 2663 τὴν
1377 2617 1540 2662 ὑμετέραν
1566 2616 1649 2662 βοή-

938 2674 1033 2709 θειαν
1059 2675 1256 2719 ἀνηκόντων
1281 2675 1359 2716 669,
1380 2682 1396 2707 8

894 2730 1048 2775 βοηθέω·
1089 2730 1258 2776 βοηθείτω
1293 2730 1381 2763 κατὰ
1414 2729 1453 2763 τὸ
1488 2727 1647 2773 εὔκαιρον

937 2788 1016 2830 762,
1035 2796 1065 2820 4.
1118 2786 1268 2832 βοιηθῶν
1297 2786 1342 2832 τῇ
1364 2786 1462 2831 χώρᾳ
1495 2786 1573 2827 765,
1592 2792 1647 2819 34.

937 2843 1071 2881 ἀόκνως
1084 2842 1233 2888 βοιηθῶν
1251 2844 1394 2886 765,45.
1426 2840 1647 2888 βοηθήσαντα

938 2899 1023 2945 αὑτῇ
1042 2901 1095 2948 (τῇ
1113 2899 1258 2945 συνοδίᾳ)
1276 2899 1373 2934 παντὶ
1389 2899 1503 2946 τρόπῳ
1522 2900 1600 2943 633,
1615 2905 1644 2933 2.
