1858 3126
178 85 262 128 232
368 85 456 117 VIII.
492 85 638 127 Imperii
661 85 814 118 Romani
839 86 1048 128 provinciae
1073 87 1274 121 orientales.
1325 89 1355 121 4.
1380 89 1490 132 Lycia
1514 91 1581 123 etc.
1632 90 1761 133 [553—

291 221 461 280 Αἴχμων
494 218 780 265 Ἀπολλοδότου
819 222 824 279 Ι
863 222 1140 280 Σαρπηδόνιος
1151 227 1177 279 1,
1224 225 1400 282 αἱρεθεὶς
1446 225 1520 269 ὑπὸ
1560 226 1566 284 Ι
1603 227 1758 271 Λυκίων

291 292 356 334 ἐπὶ
400 294 470 335 τοῦ
516 292 784 349 συναχθέντος
830 293 1123 349 στρατοπέδουῖ
1154 292 1160 350 Ι
1191 293 1261 336 καὶ
1299 293 1364 337 ἐπὶ
1403 297 1481 338 τῶν
1516 293 1568 338 τὰ
1599 297 1760 341 ἐναντία

246 374 265 406 5
292 360 526 418 πραξάντων
572 366 629 417 τῷ
673 360 807 404 ἔθνει3
843 360 855 418 Η
884 361 953 404 καὶ
996 365 1352 420 προσκαρτερήσας
1387 362 1520 407 πάντα
1554 364 1620 408 τὸν
1658 366 1760 423 τῆ[ς]

291 431 502 487 στρατείας
535 430 540 487 Ι
571 431 714 487 χρόνον
751 431 979 488 φιλοπόνως
1008 430 1076 474 καὶ
1108 433 1410 489 φιλοκινδύνως,
1445 433 1450 489 Ι
1482 434 1761 492 καταγωνισά-

290 516 407 555 μενος
436 499 528 547 τοὺς
558 499 825 555 ὑπεναντίους,
846 495 972 557 Ἄρῃ4
999 502 1273 558 χαριστήριον.

266 628 422 661 Litterae
460 629 567 661 ΞΠΣ.
695 631 707 659 4
753 627 801 660 Cf.
842 637 875 660 n.
912 631 977 661 552
988 627 1014 654 ¹·
1026 626 1051 654 2·
1065 627 1092 661 3.
1217 632 1236 660 2
1276 629 1324 662 Cf.
1365 639 1398 662 n.
1434 629 1531 663 5524.
1656 633 1674 663 3
1708 631 1757 665 Cf.

174 696 206 719 n.
227 685 324 719 3524.
373 686 681 728 Praepositionem
712 684 767 717 ἐπὶ
798 695 882 718 cum
915 687 1081 727 genetivo
1107 686 1326 720 brevissimo
1351 688 1469 730 spatio
1493 688 1550 721 his
1575 688 1680 731 plane
1704 689 1758 722 di—

173 753 279 776 versa
313 743 571 785 significatione
608 743 788 785 usurpari,
833 744 1048 785 praesertim
1088 753 1172 776 cum
1204 742 1259 777 ἐπὶ
1287 748 1356 778 τῶν
1384 762 1432 768 -
1461 743 1657 790 πραξάντων
1689 755 1757 788 pro

172 800 228 834 ἐπὶ
243 799 322 838 τοὺς
338 818 384 824 —
400 799 589 845 πράξαντας
607 810 672 843 per
688 809 727 834 se
745 810 892 843 gravem
910 801 1166 835 soloecismum
1183 802 1343 845 haberet,
1369 804 1466 835 recte
1482 804 1629 845 negavit
1643 804 1758 837 Benn-

173 859 261 892 dorf.
311 858 380 891 Sed
415 859 517 901 quod
548 859 645 891 idem
669 859 761 891 hanc
785 859 907 900 potius
933 860 1147 892 sententiam
1173 868 1252 892 esse
1276 860 1347 893 sibi
1371 861 1563 903 persuasit,
1587 862 1672 903 post
1695 861 1758 894 do-

171 918 279 949 mitas
303 915 455 949 rebelles
480 916 610 958 Lyciae
641 916 825 948 orientalis
858 916 1023 949 civitates
1046 917 1255 950 Aechmona
1287 927 1307 950 a
1332 918 1520 950 communi
1553 918 1621 951 illis
1653 927 1757 960 prae-

171 974 305 1007 fectum
331 983 420 1016 esse,
445 982 587 1015 nequeo
613 982 697 1006 cum
722 982 765 1006 eo
790 973 916 1006 facere.
949 973 1041 1006 Nam
1065 974 1117 1006 sic
1134 975 1306 1007 naturalis
1324 974 1414 1008 ordo
1431 984 1555 1008 rerum
1571 977 1756 1017 gestarum

171 1033 277 1074 plane
301 1033 536 1073 everteretur,
562 1032 646 1073 post
669 1031 758 1063 haec
776 1031 922 1063 demum
940 1031 1049 1064 illatis
1065 1031 1135 1064 illis
1157 1041 1250 1074 quae
1274 1041 1340 1074 per
1364 1031 1449 1065 belli
1474 1034 1639 1075 tempora
1656 1035 1757 1075 gesta

171 1091 283 1132 erant,
312 1088 370 1122 καὶ
394 1087 695 1134 προσκαρτερήσας
718 1105 765 1111 —-
790 1086 1044 1132 φιλοκινδύνως,
1075 1089 1393 1134 καταγωνισάμενος
1423 1088 1502 1127 τοὺς
1526 1087 1755 1128 ὑπεναντίους.

170 1147 318 1180 Accedit
350 1146 452 1188 quod
476 1146 581 1178 tertia
607 1146 706 1188 patet
738 1146 1043 1188 interpretationis
1075 1147 1148 1188 via;
1180 1156 1310 1189 nempe
1342 1146 1642 1190 breviloquentia,
1667 1141 1755 1181 satis
1775 1150 1809 1163 ⁶

171 1205 262 1237 dura
298 1212 394 1246 sane,
428 1203 619 1236 statuenda
655 1205 720 1244 est,
754 1213 827 1245 qua
859 1212 926 1245 pro
951 1203 1013 1236 illo
1040 1204 1140 1245 quod
1163 1204 1234 1237 dici
1258 1204 1414 1238 debebat
1438 1204 1493 1238 ἐπὶ
1515 1207 1575 1238 τοῦ
1599 1203 1755 1250 πολέμου

169 1265 228 1295 τοῦ
259 1260 343 1308 πρὸς
372 1259 452 1298 τοὺς
475 1278 523 1284 -
546 1258 733 1307 πράξαντας
764 1261 941 1303 scriptum
972 1263 1027 1294 est
1053 1260 1107 1294 ἐπὶ
1131 1265 1198 1294 τῶν
1222 1280 1270 1286 —
1292 1260 1500 1306 πραξάντων.
1546 1262 1755 1296 Admodum

170 1320 336 1362 similem,
362 1319 530 1360 quamvis
562 1318 685 1360 paullo
712 1318 898 1361 leniorem,
932 1318 1205 1361 brachylogiam
1231 1319 1343 1353 hahes
1376 1319 1474 1362 apud
1505 1319 1754 1363 Thucydidem

170 1378 194 1419 1,
214 1380 267 1420 75,
287 1380 322 1409 2:
349 1374 444 1419 ὑμῶν
472 1375 532 1419 μὲν
558 1374 620 1408 οὐκ
645 1372 878 1419 ἐθελησάντων
903 1378 1110 1419 παραμεῖναι
1134 1376 1216 1422 πρὸς
1244 1376 1286 1410 τὰ
1303 1374 1475 1410 ὑπόλοιπα
1490 1379 1550 1410 τοῦ
1569 1375 1753 1424 βαρβάρου.

169 1435 262 1468 Nam
292 1435 351 1466 hic
376 1442 522 1475 quoque
546 1429 602 1466 ‘ad
627 1434 811 1475 relliquias
835 1429 1090 1466 harbarorum'
1109 1434 1241 1466 dicitur
1258 1443 1325 1476 pro
1339 1443 1381 1467 eo
1396 1434 1497 1477 quod
1510 1433 1686 1468 debuerat
1696 1430 1752 1468 ‘ad

169 1492 306 1524 bellum
331 1492 456 1524 contra
482 1491 664 1532 relliquias
690 1490 932 1523 harbarorum
958 1486 1176 1532 gerendum'.
1218 1491 1309 1524 Nam
1330 1501 1415 1524 cum
1441 1494 1648 1538 παραμεῖναι
1671 1501 1754 1526 ver·

169 1550 259 1582 bum
284 1548 468 1591 pugnandi
491 1548 548 1580 vel
574 1548 657 1580 belli
682 1547 827 1589 gerendi
853 1557 923 1581 non
955 1549 1012 1590 sit,
1045 1547 1207 1590 profecto
1238 1558 1310 1581 non
1341 1549 1426 1581 licet
1455 1558 1497 1582 ea
1526 1550 1563 1582 vi
1588 1549 1753 1592 accipere

169 1605 265 1651 πρός,
291 1615 402 1648 quam
433 1604 542 1638 habet
567 1606 603 1637 in
627 1605 874 1638 locutionibus
902 1604 1082 1652 μάχεσθαι,
1114 1604 1276 1649 πολεμεῖν
1301 1605 1386 1650 πρός
1409 1617 1494 1649 τινα,
1519 1606 1585 1639 sed
1608 1606 1751 1640 finalem

169 1664 354 1697 notionem
379 1662 513 1695 habere
537 1664 678 1694 certum
702 1664 767 1704 est,
793 1664 834 1694 ut
851 1663 930 1695 loco
949 1663 1132 1696 simillimo
1150 1663 1260 1695 Thuc.
1278 1663 1335 1705 111,
1354 1665 1408 1705 40,
1427 1666 1446 1695 2
1471 1662 1752 1708 παραμεινάντων

171 1720 208 1754 δὲ
244 1718 383 1754 ἐκείνων
420 1719 505 1762 πρὸς
536 1718 579 1753 τὰ
610 1717 782 1752 ὑπόλοιποι
811 1724 878 1752 τῶν
911 1718 1027 1766 ἔργων.
1146 1722 1164 1752 4
1199 1720 1360 1762 Tropaea
1390 1729 1490 1753 more
1515 1720 1650 1754 Graeco
1674 1722 1752 1754 Iovi

169 1778 385 1820 consecrari,
416 1786 533 1819 neque
566 1777 666 1819 ipsos
692 1777 821 1819 Lycios
853 1777 890 1809 in
914 1786 955 1810 ea
980 1786 1018 1810 re
1044 1787 1065 1810 a
1090 1778 1308 1810 Graecorum
1334 1777 1595 1811 consuetudine
1616 1778 1751 1811 discre-

168 1845 256 1879 pare
286 1836 409 1868 monet
433 1834 615 1867 Benndorf
636 1835 742 1867 allato
773 1835 868 1867 tituli
894 1835 1004 1867 stelae
1032 1835 1281 1868 nobilissimae
1305 1835 1591 1877 Harpagidarum
1615 1836 1750 1869 Xanthi
1815 1879 1821 1886 .

169 1896 206 1927 in
231 1894 307 1927 foro
333 1894 474 1925 erectae
499 1891 732 1933 (Jahreshefte
758 1892 821 1925 des
846 1894 973 1926 osterr.
999 1894 1096 1926 arch.
1122 1894 1206 1940 Inst.
1231 1893 1278 1924 111
1302 1901 1335 1934 p.
1353 1895 1429 1935 444,
1449 1893 1502 1934 44)
1526 1901 1637 1925 versu
1660 1890 1751 1939 Ζηνὶ

169 1950 206 1983 δὲ
231 1949 375 1983 πλεῖστα
397 1949 543 1996 τρόπαια
566 1948 694 1994 βροτῶν
721 1948 860 1995 ἔστησεν
878 1948 1047 1983 ἁπάντων.
1090 1950 1183 1989 Quid
1200 1949 1299 1992 quod
1316 1950 1506 1982 etiamtum
1523 1950 1749 1992 principatus

169 2009 285 2040 aetate
310 2004 389 2043 Διὸς
410 2004 648 2052 Τροπαιούχου
675 2015 777 2039 sacra
802 2008 1033 2049 reperiuntur
1058 2007 1155 2049 apud
1170 2007 1371 2040 Attalenses
1396 2007 1517 2047 (Inscr.
1543 2007 1600 2040 Gr.
1620 2007 1667 2041 ad
1690 2016 1749 2041 res

167 2066 268 2098 Rom.
294 2066 384 2106 pert.
411 2064 456 2095 111
481 2073 514 2105 p.
536 2066 599 2095 340
631 2073 663 2096 n.
683 2066 759 2106 779,
780 2067 810 2096 7.
832 2065 894 2105 47).
937 2065 1051 2097 Etiam
1078 2074 1110 2106 p.
1130 2066 1194 2096 334
1220 2073 1254 2096 n.
1274 2067 1351 2106 860,
1370 2066 1382 2096 4
1403 2073 1481 2106 sqq.
1506 2060 1560 2097 Διὶ
1577 2060 1748 2111 Κωρυκίῳ

166 2119 360 2165 Ἐπινεικίῳ
397 2118 626 2166 Τροπαιούχῳ
663 2122 728 2153 est.
776 2122 820 2153 At
850 2122 1032 2154 Romanos
1062 2121 1166 2153 Marti
1190 2121 1369 2154 eiusmodi
1406 2124 1641 2156 monumenta
1676 2124 1749 2156 sta-

167 2180 291 2220 tuisse,
316 2187 474 2220 quorum
500 2178 663 2210 omnium
688 2178 848 2219 primum
873 2179 907 2210 in
934 2179 1068 2211 Graeco
1093 2179 1170 2211 solo
1194 2178 1283 2211 illud
1307 2187 1398 2221 esse,
1423 2179 1522 2221 quod
1545 2180 1642 2213 Sulla
1665 2182 1750 2223 post-

167 2237 358 2270 victoriam
384 2235 670 2268 Chaeronensem
696 2235 898 2267 dedicasset
921 2236 1022 2276 (Plut.
1041 2235 1136 2268 Sulla
1158 2238 1214 2268 ⁴9:
1242 2234 1294 2268 διὸ
1319 2234 1465 2274 καὶτοῖς
1481 2235 1652 2281 τροπαίοις
1670 2235 1749 2270 ἐπέ-

166 2293 292 2339 γραῴεν
317 2289 398 2339 Ἄρη
423 2291 481 2325 καὶ
497 2288 608 2336 Νίκην
633 2290 690 2324 καὶ
705 2287 912 2337 Ἀφροδίτην,
939 2293 986 2329 ὡς
1012 2290 1076 2338 οὐχ
1101 2292 1201 2336 ἧττον
1226 2291 1367 2339 εὐτυχίᾳ
1389 2292 1610 2338 κατορθώσας
1633 2292 1657 2339 ἢ
1682 2292 1747 2327 δει-

166 2350 282 2395 νότητι
313 2349 372 2383 καὶ
403 2347 543 2393 δυνάμει
574 2349 629 2382 τὸν
662 2347 835 2393 πόλεμον).
884 2349 989 2388 Quod
1026 2350 1197 2392 quoniam
1234 2351 1360 2392 paucis
1390 2353 1477 2393 post
1501 2352 1603 2384 annis
1627 2351 1745 2384 eidem

167 2408 235 2441 deo
259 2408 417 2440 Aechmo
443 2407 617 2439 victoriae
643 2408 920 2439 monumentum
946 2407 1147 2450 obtulisset,
1173 2408 1361 2441 manifesto
1378 2409 1568 2451 Romanos,
1593 2408 1746 2451 quibus-

167 2475 251 2498 cum
276 2474 346 2497 una
371 2464 459 2496 illud
484 2463 619 2496 bellum
645 2464 825 2506 gessisset,
851 2465 1033 2496 imitatum
1058 2474 1148 2497 esse.

253 2634 344 2678 554
391 2637 511 2689 Lapis
548 2636 661 2676 humi
697 2637 829 2676 iacens
873 2638 986 2677 iuxta
1026 2642 1187 2690 portam
1222 2638 1360 2690 oppidi
1394 2636 1543 2677 Xanthi
1581 2639 1741 2690 Lyciae.

166 2708 228 2747 Ex
258 2707 452 2747 Fellowsii
493 2705 726 2758 apographo
774 2707 835 2746 ed.
876 2707 920 2746 L.
949 2707 1050 2746 Ross
1089 2707 1313 2746 Kleinasien
1349 2707 1434 2746 und
1469 2706 1743 2747 Deutschland

166 2789 206 2829 p.
231 2777 284 2816 68
322 2775 367 2829 (J.
390 2775 519 2815 Franz
551 2774 591 2814 C.
615 2775 643 2814 Ι.
667 2775 711 2814 G.
741 2775 793 2813 ΙΙΙ
822 2776 923 2814 Add.
956 2788 995 2828 p.
1022 2775 1128 2814 ⁴⁴23
1161 2787 1198 2814 n.
1224 2775 1332 2815 4269
1350 2774 1415 2815 b2.
1467 2775 1744 2816 Lehas-Wad-

168 2847 332 2897 dington
363 2845 485 2884 Inscr.
508 2844 573 2896 III,
599 2843 720 2883 4252.
773 2844 818 2883 R.
843 2843 995 2895 Cagnat
1024 2844 1145 2883 Inscr.
1170 2842 1236 2884 Gr.
1259 2844 1311 2882 ad
1341 2856 1406 2883 res
1428 2844 1540 2884 Rom.
1562 2848 1665 2897 pert.
1687 2845 1741 2884 111
