1858 3126
137 151 219 196 ⁸2⁶]
546 150 726 184 officiales
749 150 1072 184 administrationis
1095 150 1317 193 provinciae.
1635 149 1718 192 183

188 300 232 334 10
256 288 327 334 καὶ
364 286 671 348 βιθυΙνιάρχοιι6
699 287 760 336 δὶς
793 287 863 330 καὶ
901 285 1143 344 ἀσιάρΙχου7
1176 291 1287 331 ναῶν
1323 290 1402 330 τῶν
1438 289 1481 331 ἐν
1506 285 1717 345 ἘφέΙΙσῳὸ,

250 357 297 403 τὸ
331 358 519 402 τελώνιον
554 355 652 415 mn]
691 357 696 413 Ι
734 355 805 400 σὺν
841 357 953 413 αὐτῷ
990 353 1111 399 στοὰν
1148 356 1247 413 σὺ[ν]
1288 357 1293 412 Ι
1325 363 1382 414 τῷ
1424 356 1543 400 παντὶ
1576 358 1717 413 κόσμῳ

186 438 228 472 15
254 426 377 484 ἇ(π[ὸ
388 427 420 484 ⁹]
451 429 457 483 Ι
488 428 567 471 τῶν
604 426 805 483 θεμελίων
842 424 1153 483 κατεΙσκεύασαν
1193 425 1263 468 καὶ
1298 426 1370 483 τὴν
1398 423 1671 484 [ΙἈφροδίι-ην
1683 428 1719 455 ¹⁰

250 496 500 554 ἐχρύσωσαν.

134 625 230 658 inter
253 625 439 667 mancipes
462 624 781 666 negotiatoresque
805 623 1008 656 iurisdictio
1026 624 1123 656 esset
1148 622 1195 664 (C.
1212 623 1238 655 Ι.
1255 623 1330 657 Lat.
1343 622 1431 665 vlu,
1450 626 1574 664 44843,
1593 625 1611 655 3
1626 623 1717 666 sqq.)

133 681 246 716 fuisse
270 683 442 725 opinatur
458 682 695 724 Rostowzew,
718 690 834 724 eaque
858 689 898 714 re
913 681 1020 723 quasi
1036 680 1219 723 quendam
1236 682 1430 714 transitum
1448 683 1616 724 paratum
1637 689 1717 714 esse

133 739 180 774 ad
202 740 369 774 instituta
391 739 526 773 saeculi
550 748 584 782 p.
608 739 689 773 Chr.
715 749 750 773 ιι.
776 739 885 782 tertii,
909 748 983 782 quo
1008 739 1080 772 iam
1105 738 1286 772 locatione
1317 738 1560 772 conductione
1584 738 1719 771 abolita

135 797 259 831 omnia
290 797 479 839 vectigalia
516 807 537 831 a
576 796 876 840 procuratoribus
913 805 1117 839 eorumque
1160 796 1389 829 adiutoribus
1429 798 1466 829 et
1501 795 1717 829 officialibus

132 855 373 898 exigerentur.
413 854 460 888 At
482 863 576 898 quae
599 855 645 888 de
660 855 785 888 Mindii
809 854 1022 888 condicione
1045 856 1122 887 not.
1142 857 1160 886 3
1185 855 1349 897 exposui,
1375 854 1462 887 huic
1486 854 1717 887 coniecturae

132 912 347 955 neutiquam
370 911 502 955 favent,
532 922 649 955 neque
679 913 828 946 omnino
853 912 972 955 video,
1005 921 1079 954 quo
1109 913 1188 945 iure
1220 912 1403 954 quispiam
1433 920 1478 945 ex
1509 912 1579 944 hoc
1609 911 1717 944 titulo

131 969 287 1013 colligat,
311 970 469 1004 eodem
494 972 700 1014 tempore
724 970 898 1003 Uindium
922 970 1158 1004 Matidianum
1177 978 1304 1003 omnes
1321 970 1384 1012 qui
1406 970 1466 1002 hic
1483 971 1717 1002 recensentur

131 1026 290 1061 honores
319 1028 484 1071 gessisse.
531 1029 649 1061 Immo
678 1028 724 1062 de
755 1037 829 1062 uno
859 1037 904 1061 ex
936 1029 991 1070 iis,
1023 1027 1159 1070 duplici
1190 1027 1466 1070 bithyniarchae
1498 1027 1715 1069 sacerdotio,

132 1094 177 1119 ne
207 1085 293 1119 licet
320 1085 468 1129 quidem
503 1086 557 1120 sic
586 1088 757 1129 statuere,
794 1086 864 1119 nisi
897 1094 1022 1119 sumas
1053 1084 1101 1122 δίς
1131 1086 1359 1127 neglegenter
1390 1094 1458 1127 pro
1489 1083 1529 1118 τὸ
1560 1083 1714 1127 δεύτερον

131 1143 310 1186 scriptum
333 1151 424 1186 esse,
449 1145 554 1177 cuius
579 1145 631 1176 rei
655 1152 784 1177 rursus
809 1152 854 1176 ne
879 1143 1063 1176 levissima
1087 1143 1235 1185 quidem
1261 1143 1352 1175 ratio
1377 1143 1568 1185 reperitur.
1610 1141 1716 1181 Quod

131 1202 259 1235 contra
281 1202 371 1244 quid
393 1203 450 1235 est
473 1201 707 1243 frequentius,
741 1210 851 1243 quam
876 1201 1062 1243 praeteriti
1086 1201 1264 1242 temporis
1290 1200 1409 1233 officia
1432 1201 1581 1233 honoris
1605 1208 1715 1233 causa

130 1257 277 1300 adiungi
300 1259 345 1301 ei,
377 1258 480 1301 quod
509 1260 587 1291 tum
612 1259 733 1300 ipsum
759 1259 851 1300 gerit
874 1258 1055 1300 quispiam
1079 1266 1167 1290 cum
1192 1259 1470 1290 monumentum
1501 1255 1715 1290 dedicatur?

131 1315 182 1348 Cf.
206 1325 242 1349 n.
258 1317 337 1358 480,
352 1319 454 1348 9-6.
502 1316 681 1358 Sequitur,
714 1318 755 1349 ut
785 1315 923 1348 definiri
953 1316 1101 1348 omnino
1139 1317 1306 1357 nequeat,
1343 1316 1449 1348 cuius
1479 1315 1714 1357 potissimum

131 1373 274 1415 generis
304 1374 523 1416 procurator
555 1373 665 1406 fuerit
696 1373 852 1406 Mindius
883 1373 1100 1424 matidianus
1129 1373 1255 1406 Pollio.
1404 1375 1423 1406 6
1456 1372 1506 1405 Cf.
1536 1382 1570 1405 n.
1598 1374 1663 1405 528
1673 1371 1711 1405 ¹⁰.

133 1432 152 1462 ’1
183 1429 235 1463 Cf.
265 1439 300 1463 n.
324 1429 423 1464 4983.
580 1433 599 1463 8
631 1430 680 1464 Cf.
712 1440 746 1464 n.
773 1430 872 1464 4897.
1037 1434 1057 1463 9
1088 1432 1149 1463 ΑΝ
1187 1430 1449 1473 apographum.
1497 1429 1714 1462 Emendavit

131 1486 370 1521 Rostovzew.
497 1490 538 1520 4ο
573 1489 752 1522 Sacellum
777 1497 861 1521 cum
890 1488 1086 1521 simulacro
1112 1487 1262 1521 Veneris
1286 1488 1323 1520 in
1347 1488 1490 1520 teloneo
1515 1487 1626 1520 fuisse
1649 1495 1713 1529 ap-

129 1546 244 1587 paret.
280 1545 319 1578 R.
367 1544 417 1578 Cf.
449 1545 676 1578 simillimum
705 1545 914 1588 exemplum
946 1554 1029 1578 arae
1061 1547 1098 1578 et
1131 1545 1317 1578 simulacri
1357 1544 1462 1578 Isidis
1498 1545 1535 1577 in
1570 1544 1713 1577 teloneo

58 1598 63 1605 “
129 1601 392 1635 collocatorum
415 1611 450 1636 n.
468 1605 546 1645 496,
564 1605 617 1636 42.

216 1794 306 1840 526
345 1797 649 1852 Philadelphiae
690 1800 742 1839 ad
788 1799 943 1840 fontem
983 1811 1114 1852 prope
1150 1799 1271 1851 viam,
1315 1799 1504 1852 passibus
1552 1799 1711 1838 circiter

128 1869 291 1907 centum
319 1867 372 1907 ab
402 1869 543 1921 oppidi
570 1872 691 1922 porta
710 1869 907 1909 orientali.
957 1869 1019 1908 Ex
1050 1868 1245 1908 Sherardi
1270 1867 1430 1908 schedis
1460 1868 1521 1907 ed.
1544 1866 1709 1907 Boeckh

129 1934 171 1976 C.
192 1936 223 1976 1.
245 1935 292 1976 G.
314 1936 440 1976 3436.

243 2047 443 2105 Σεουῆρος
478 2048 737 2106 Σεβαστο(ὄ)1
774 2050 1059 2108 ἀπελεύθερος,
1099 2049 1278 2107 βοηθὸς2
1313 2051 1562 2107 ἐπιτρόπων3
1599 2049 1605 2106 Ι
1645 2049 1709 2105 ῥε-

219 2175 374 2209 nttorao
403 2170 605 2227 eeuan.
740 2181 752 2209 4
789 2179 1055 2213 οεΒΑοτοο.
1111 2178 1155 2211 Et
1187 2180 1336 2221 propter
1368 2186 1503 2211 nomen
1535 2173 1707 2221 Σεουῆρος

127 2232 164 2264 et
192 2233 279 2274 quia
307 2241 404 2266 uxor
428 2230 586 2279 Αὐρηλία
616 2235 819 2278 appellatur
848 2245 883 2269 v.
901 2238 920 2268 4
946 2245 1019 2269 non
1043 2238 1184 2269 certum
1209 2236 1368 2278 quidem,
1394 2235 1458 2268 sed
1481 2236 1603 2267 tamen
1627 2242 1707 2276 per-

125 2297 237 2331 quam
266 2289 455 2331 probabile
484 2293 550 2334 est,
582 2292 856 2335 Inscriptionem
879 2294 1002 2335 priore
1026 2295 1129 2336 parte
1153 2294 1251 2326 tertii
1275 2302 1310 2336 p.
1328 2293 1411 2326 Chr.
1431 2292 1565 2325 saeculi
1593 2292 1705 2333 scrip-

125 2347 202 2379 tam
225 2354 317 2380 esse.
434 2350 454 2379 Ξ
483 2348 608 2382 Latina
631 2349 825 2391 appellatio
849 2348 996 2384 adiutor
1019 2351 1215 2393 praecipue
1238 2351 1275 2383 in
1300 2351 1353 2383 eis
1376 2351 1512 2383 usitata
1535 2350 1608 2391 est,
1641 2349 1704 2390 qui

122 2403 227 2436 iussu
262 2404 497 2446 magistratus
531 2407 741 2449 superioris,
780 2408 845 2450 qui
880 2416 1031 2441 censum
1064 2416 1131 2450 per
1170 2408 1397 2450 provinciam
1429 2407 1588 2449 aliquam
1620 2407 1703 2447 agit,

124 2460 162 2493 in
192 2470 412 2504 unaquaque
441 2463 588 2496 civitate
618 2465 762 2506 negotia
785 2473 916 2498 census
940 2465 1142 2507 perficiunt,
1173 2467 1215 2498 ut
1239 2474 1294 2508 ap.
1321 2465 1589 2497 Orelli-Henzen
1614 2466 1703 2495 2456

125 2516 272 2552 adiutor
299 2520 339 2553 at
367 2529 495 2554 census
517 2519 732 2564 provinciae
754 2519 1020 2566 Luqdunensis.
1069 2523 1204 2556 Tamen
1234 2523 1277 2556 de
1302 2523 1411 2555 huius
1434 2523 1575 2563 generis
1600 2521 1704 2553 adiu·

124 2575 203 2608 tore
225 2576 286 2609 hic
309 2586 381 2610 non
404 2577 489 2611 licet
511 2579 680 2622 cogitare,
705 2588 790 2612 cum
814 2581 900 2622 quia
924 2580 962 2613 id
985 2581 1171 2622 negotium
1196 2581 1413 2623 plerumque
1437 2579 1593 2612 tribunis
1611 2578 1703 2610 mili-

55 2641 65 2649 ’
124 2633 214 2675 tum,
231 2633 421 2675 praefectis
437 2636 643 2669 cohortium
659 2636 719 2670 vel
732 2638 896 2679 equitum
909 2637 1074 2670 mandari
1087 2638 1224 2670 solebat
1238 2638 1450 2678 (Mommsen
1458 2637 1560 2669 Rom.
1569 2636 1703 2667 Staats-

124 2689 228 2722 recht
250 2691 292 2733 11,
309 2693 329 2723 2
354 2701 389 2734 p.
408 2695 497 2726 4093
522 2695 596 2726 not.
615 2694 660 2736 2),
684 2693 837 2727 libertus
861 2695 1016 2736 Augusti
1047 2704 1136 2728 vero
1161 2696 1199 2728 in
1222 2704 1266 2728 eo
1293 2695 1411 2727 officio
1435 2694 1601 2726 versatus
1625 2692 1701 2723 sine

126 2747 292 2789 exemplo
315 2750 381 2791 ost,
404 2751 483 2782 tum
500 2751 599 2792 quod
623 2751 661 2783 in
683 2751 799 2784 titulis
824 2760 908 2784 cum
933 2753 1019 2784 huic
1036 2752 1242 2785 officialium
1259 2752 1392 2793 generi,
1416 2753 1496 2782 tum
1514 2749 1701 2789 magistra-

126 2800 226 2834 tibus
248 2812 344 2845 quos
366 2805 405 2838 hi
428 2806 602 2840 adiuvant
622 2816 768 2850 semper
783 2810 845 2841 aut
861 2807 1021 2842 censoris
1036 2809 1095 2842 vel
1111 2807 1300 2843 comiteris
1317 2807 1509 2850 appellatio
1527 2804 1701 2837 tribuitur

127 2858 192 2889 aut
225 2861 321 2892 certe
355 2870 485 2896 census
520 2864 647 2906 agendi
682 2866 865 2906 negotium
902 2865 1046 2898 definite
1081 2866 1300 2898 enuntiatur.
1350 2863 1398 2896 Cf.
1431 2861 1699 2894 Orelli-Henzen

128 2915 229 2956 2⁴56,
247 2917 278 2948 ’1.
295 2919 315 2948 8
338 2916 504 2953 adiutori
526 2919 582 2954 ad
602 2919 985 2964 eensusprovinciae
999 2919 1264 2966 Iasqdunensi&
1307 2923 1406 2962 6549,
1425 2922 1442 2951 4
1460 2916 1626 2961 αάἰαέφν)
1642 2915 1702 2952 ad
