1858 3126
221 151 306 193 650

220 286 366 334 ἐγγενεῖς
390 283 616 331 Ἀλεξανδρεῖς
646 287 725 330 669,
745 293 798 321 33.
848 285 980 332 μηδένα

265 349 332 377 τῶν
372 342 514 390 ἐνγενῶν
546 340 788 388 Ἀλεξανδρέων
825 342 873 382 εἰς
911 342 979 377 λει-

265 399 423 447 τουργίας
446 400 599 447 χωρικὰς
623 399 763 447 ἄγεσθαι
788 401 865 444 669,
885 408 926 435 34

220 457 391 504 ἐγγενικὸς
418 456 525 503 ἱερεύς
551 458 629 501 583,
648 466 664 491 5

220 514 370 563 ἔγγιστα·
395 518 468 553 τοῖς
494 514 630 560 ἔγγιστα
646 513 819 560 τεμένεσιν
837 515 980 558 383,98.

264 571 325 610 τὰς
339 571 473 619 ἔγγιστα
485 570 669 618 γενομένας
683 571 842 619 ἐπηρείας
861 572 938 616 669,
950 579 980 606 6.

263 629 307 674 τῇ
339 628 474 676 ἔγγιστα
514 627 692 675 πενταετίᾳ
725 630 802 672 669,
822 636 875 663 49.
938 629 980 676 τῇ

268 685 403 733 ἔνγιστα
429 684 594 730 μισθώσει
618 685 696 729 629,
718 693 757 720 12

220 742 383 790 ἔγγομος·
408 742 576 789 καμήλων
603 742 662 776 ἐάν
679 754 716 776 τε
739 742 835 776 κεναὶ
861 741 919 777 ἐάν
944 755 980 777 τε

267 799 406 846 ἔνγομοι
430 799 630 846 εἰσάγωνται
653 799 731 843 629,
752 807 814 834 166

220 855 405 903 ἔγγραφος·
439 856 514 902 περὶ
536 856 666 891 τούτων
690 857 750 896 τὰς
775 856 901 896 πίστεις
927 857 981 903 ἐγ-

265 913 416 960 γράφους
442 913 684 959 παρατιθέασιν
711 915 788 958 335,
810 921 885 948 135.
927 914 981 961 ἔγ-

265 982 394 1018 γραφον
417 970 655 1006 substantive:
690 970 747 1005 διὰ
768 976 836 1005 τῶν
862 971 982 1019 ἐγγρά-

267 1040 338 1072 φων
365 1028 442 1072 335,
467 1036 528 1062 137

219 1084 397 1132 ἐγγράφω·
424 1084 456 1130 (ἡ
474 1082 678 1130 Κιβυρατῶν
696 1085 805 1128 πόλις)
829 1085 917 1120 κατὰ
939 1085 977 1119 τὸ

266 1141 377 1188 δόγμα
408 1145 468 1176 τοῦ
502 1140 736 1189 Πανελληνίου
775 1141 982 1190 ἐγγραφεῖσα

265 1198 313 1237 εἰς
336 1198 415 1237 τοὺς
440 1196 663 1245 Πανέλληνας
688 1200 766 1244 497,
789 1209 828 1236 10

219 1255 341 1303 ἐγγύη·
369 1256 458 1302 μηδὲ
483 1256 606 1304 ἐγγύην
633 1256 681 1295 εἰς
697 1253 839 1304 Ῥώμην
864 1257 981 1296 αὐτοῖς

265 1313 355 1349 κατὰ
388 1313 498 1360 δόγμα
526 1326 558 1348 τι
587 1314 647 1349 καὶ
675 1314 830 1349 κέλευσιν
855 1314 980 1360 ὁμολο-

266 1374 338 1418 γεῖν
364 1372 442 1415 455,
463 1378 479 1406 3

220 1427 357 1475 ἐγείρω·
400 1428 432 1462 οἱ
468 1427 654 1475 ἐγείραντες
690 1430 752 1476 τὴν
792 1429 980 1476 οἰκοδομὴν

265 1488 325 1519 τοῦ
351 1485 509 1523 πυλῶνος
535 1487 613 1531 677,
633 1494 649 1521 3

221 1541 393 1589 ἐγκαλέω·
432 1542 465 1576 οἱ
500 1543 722 1589 ἐγκαλοῦντες
757 1545 836 1588 437,
858 1551 911 1579 78.
962 1544 979 1579 ὁ

267 1599 417 1645 φάμενος
441 1599 635 1636 ἀδικεῖσθαι
660 1600 769 1646 δῆμος
786 1600 980 1647 προλεγέτω

266 1656 324 1691 διὰ
347 1656 525 1703 πρεσβείας
549 1659 597 1704 τῷ
618 1657 859 1704 ἐγκαλουμένῳ
878 1658 979 1704 δήμῳ

265 1716 303 1748 τὸ
338 1713 496 1761 ἔγκλημα
528 1715 606 1759 437,
633 1722 686 1750 77.
735 1714 882 1749 ἀπέλυσε
914 1720 979 1750 τῶν

266 1770 527 1818 ἐνκεκλημένων
554 1772 608 1816 90,
630 1779 670 1807 14

220 1828 474 1875 ἐγκαταλείπω·
500 1826 567 1863 οὐδ’
589 1828 823 1876 ἐγκαταλείψω
841 1828 979 1877 Εὐμένη

268 1886 345 1930 266,
366 1893 406 1921 28

220 1942 393 1989 ἔγκειμαι·
443 1943 519 1991 περὶ
558 1943 596 1978 δὲ
640 1948 707 1978 τῶν
748 1944 980 1992 ἀρχαιοτέρων

266 1998 464 2034 ὑποθέσεων
492 1999 696 2047 ἐγκειμένων
723 1999 818 2046 ὑμῶν
843 2002 922 2045 669,
937 2008 978 2035 62

220 2055 379 2102 ἔγκλημα
404 2057 482 2100 229,
501 2064 556 2091 43.
588 2058 667 2101 437,
687 2065 739 2092 77.
781 2058 981 2104 ἐγκλήματα

267 2113 345 2156 229,
364 2119 419 2147 41.
439 2120 478 2146 54

221 2168 442 2216 ἐγκολάπτω·
482 2174 626 2217 γραφῆς,
667 2170 690 2216 ἣ
727 2170 979 2217 ἐγκολαφθήτω

267 2226 345 2270 736,
366 2233 405 2261 20

221 2282 377 2330 ἔγκτησις
418 2284 472 2327 81,
509 2291 561 2319 18.
603 2284 681 2328 220,
718 2292 770 2319 17.
813 2285 890 2329 265,
926 2290 979 2319 20.

267 2341 345 2384 305,
366 2348 419 2375 16.
449 2341 526 2384 760,
547 2348 563 2374 9

220 2396 437 2444 ἐγχαράττω·
475 2397 511 2431 ἐν
548 2396 686 2442 στήλαις
715 2396 980 2444 ἐνχαράττεσθαι

268 2452 413 2491 λιθίναις
444 2454 522 2498 521,
543 2462 572 2488 9.
618 2454 701 2501 τῇδε
725 2455 768 2501 τῇ
794 2454 903 2501 στήλῃ
929 2454 981 2488 ἐν·

266 2509 476 2558 κεχάρακται
512 2511 589 2554 674,
615 2518 644 2544 6.
698 2510 826 2557 στήλην
861 2529 909 2536 --
941 2510 981 2544 ἐκ

266 2571 334 2601 τῶν
359 2566 662 2615 ἐνκεχαραγμένων
692 2566 831 2614 ἀγαθῶν
856 2567 980 2613 δηλοῦ-

268 2635 327 2658 σαν
351 2622 414 2669 τὴν
437 2643 485 2649 ——
508 2623 698 2671 εὐεργεσίαν
725 2625 803 2668 666,
825 2631 862 2658 17

220 2679 438 2728 ἐγχειρίδιον·
472 2681 528 2716 ἐπὶ
551 2684 611 2716 τοῦ
637 2680 837 2728 ἐγχειριδίου
865 2681 942 2725 372,
962 2687 979 2714 2

222 2737 418 2786 ἐγχειρίζω·
449 2738 509 2777 τὰς
533 2738 734 2784 στρατηγίας
760 2737 844 2783 μετὰ
869 2736 981 2772 διαλο-

266 2796 384 2841 γισμὸν
410 2795 494 2841 πρὸς
518 2795 663 2841 τριετίαν
692 2794 885 2843 ἐνχειρίζειν
909 2798 981 2832 τοῖς

267 2850 625 2898 κατασταθησομένοις
661 2853 739 2896 669,
764 2860 816 2887 35.
875 2851 981 2891 διεξα-

267 2909 422 2957 γηοχότα
462 2908 499 2943 δὲ
544 2909 602 2944 καὶ
645 2908 688 2943 τὰ
729 2907 981 2956 ἐγχειρισθέντα

933 148 1086 182 Indices.

1096 285 1199 332 αὐτῷ,
1231 286 1276 325 ὡς
1307 285 1350 332 ἦν
1374 291 1549 332 προσῆκον
1574 288 1652 331 244,
1671 295 1701 322 6.
1746 287 1807 327 τάς

1094 339 1119 376 τ’
1140 341 1401 390 ἐνχειρισθείσας
1423 343 1534 390 ἑαυτῷ
1557 343 1683 383 πίστεις
1707 344 1808 383 ὁσίως

1097 399 1294 445 διεφύλαξεν
1331 401 1408 444 339,
1441 407 1494 435 11.
1546 400 1727 446 φυλάσσειν
1762 420 1807 427 -—

1095 455 1156 494 τὰς
1211 456 1486 504 ἐνχειριζομένας
1540 457 1633 505 αὐτῷ
1684 457 1808 497 πίστεις

1098 514 1176 557 339,
1199 521 1252 548 53.
1292 514 1354 560 τὴν
1379 514 1674 563 ἐγκεχειρισμένην
1699 514 1810 563 ἐαυτῷ

1097 570 1207 604 πίστιν
1231 588 1278 596 -
1302 570 1455 618 διατηρεῖ
1477 573 1555 616 443,
1578 579 1615 606 10

1052 627 1262 674 ἐγχώννυμι·
1299 626 1357 662 ἵνα
1378 647 1426 653 -
1449 627 1601 675 μηδεμία
1629 634 1696 663 τῶν
1727 640 1810 675 προ-

1097 686 1324 732 ϋπαρχουσῶν
1345 683 1558 730 (δεξαμενῶν)
1579 685 1812 733 ἐνχωννῦηται

1097 742 1176 786 483,
1198 749 1259 776 196

1052 797 1232 846 ἐγχώριος·
1251 799 1405 845 ἐννόμιον
1424 799 1652 846 συνεφωνήθη
1670 800 1719 846 μὴ
1740 800 1809 834 δεῖν

1097 856 1256 904 πράσσειν
1292 856 1372 895 τοὺς
1409 856 1595 903 ἐγχωρίους
1632 858 1710 901 629,
1735 864 1810 892 174.

1099 913 1279 961 ἐγχωρίοις
1302 912 1477 960 γράμμασι
1501 914 1556 958 90,
1578 921 1629 947 54.
1657 914 1734 958 194,
1753 921 1793 948 3ο

1052 967 1179 1015 ἔδαφος
1214 972 1292 1015 483,
1322 978 1397 1006 131.
1451 970 1532 1009 τοὺς
1567 970 1811 1017 ὠνησαμένους

1096 1027 1258 1072 κτήματα
1279 1047 1327 1053 -
1350 1028 1398 1066 ὡς
1429 1026 1615 1073 δημοσίους
1642 1027 1811 1075 γεωργοὺς

1099 1083 1244 1129 ἐκφόρια
1273 1083 1490 1119 ἀπαιτεῖσθαι
1516 1089 1584 1119 τῶν
1617 1084 1710 1119 ἰδίων
1734 1084 1811 1119 ἐδα-

1099 1146 1172 1187 φῶν
1198 1141 1275 1185 669,
1295 1148 1334 1176 32

1053 1197 1198 1243 ἔδεσμα·
1231 1197 1423 1243 ἐδεσμάτων
1449 1199 1527 1243 665,
1547 1206 1586 1233 59

1052 1253 1206 1300 ἐθισμός·
1231 1255 1352 1300 νόμοις
1374 1254 1433 1289 καὶ
1450 1255 1607 1301 ἐθισμοῖς
1626 1259 1699 1294 τοῖς
1716 1254 1811 1294 ἰδίοις

1098 1312 1176 1356 441,
1196 1319 1250 1346 47.
1270 1320 1309 1347 89

1053 1367 1226 1415 ἐθνάρχης
1251 1370 1330 1413 616,
1351 1375 1368 1403 2

1053 1424 1153 1463 ἔθνος
1187 1426 1262 1470 199,
1282 1433 1312 1460 6.
1333 1433 1385 1461 16.
1405 1433 1458 1462 21.
1492 1427 1570 1471 200,
1590 1435 1620 1462 7.
1660 1426 1738 1471 379,
1759 1433 1810 1461 16.
1853 1399 1858 1448 Ξ

1099 1483 1177 1526 504,
1204 1490 1255 1517 16.
1289 1484 1367 1527 528,
1396 1491 1426 1518 4.
1459 1485 1536 1528 553,
1561 1491 1592 1518 4.
1627 1484 1704 1527 556,
1725 1487 1755 1518 2.
1781 1492 1811 1518 5.
1848 1484 1851 1485 ’

1099 1540 1177 1584 559,
1198 1547 1226 1574 8.
1261 1541 1339 1584 563,
1359 1548 1389 1575 7.
1412 1548 1462 1575 18.
1496 1541 1574 1585 566,
1596 1548 1648 1575 15.
1680 1540 1757 1585 568,
1780 1548 1810 1576 9.
1856 1539 1858 1542 “

1099 1597 1177 1641 569,
1197 1604 1227 1631 s.
1248 1604 1300 1631 11.
1327 1599 1404 1642 577,
1420 1605 1450 1632 3.
1476 1598 1554 1642 613,
1574 1605 1604 1632 3.
1645 1597 1731 1644 μετὰ
1747 1597 1812 1632 πά-
1857 1591 1858 1606 ³

1099 1665 1160 1692 σας
1175 1654 1235 1692 τὰς
1253 1654 1287 1688 ἐν
1304 1655 1354 1701 τῷ
1370 1652 1461 1689 ἔθνει
1478 1654 1673 1700 φιλοτιμίας
1689 1655 1768 1700 543,
1780 1663 1810 1690 6.

1099 1710 1184 1756 ἔθνη
1216 1712 1343 1755 56,12.
1379 1712 1506 1756 199,1.
1531 1718 1583 1747 12.
1605 1719 1657 1747 19.
1685 1718 1738 1747 22.
1757 1718 1810 1747 25.
1855 1711 1858 1725 “

1101 1776 1154 1802 30.
1175 1775 1229 1803 32.
1267 1769 1344 1813 201,
1371 1776 1423 1803 19.
1460 1769 1538 1812 229,
1564 1775 1616 1804 11.
1652 1770 1731 1813 437,
1756 1776 1811 1804 28.

1099 1826 1227 1869 438,1.
1264 1826 1344 1869 441,
1365 1833 1439 1861 130.
1466 1833 1543 1861 136.
1578 1827 1656 1871 533,
1674 1833 1728 1861 43.
1754 1833 1808 1860 49.

1100 1890 1152 1917 54.
1174 1891 1226 1918 58.
1247 1890 1299 1917 69.
1320 1890 1374 1918 80.
1393 1890 1446 1919 85.
1486 1882 1652 1918 ἀπέλυσεν
1683 1883 1720 1917 δὲ
1751 1883 1810 1917 καὶ

1097 1940 1176 1978 τοὺς
1208 1939 1249 1974 ἐκ
1277 1945 1345 1974 τῶν
1380 1940 1476 1987 ἱερῶν
1509 1939 1618 1975 ἐθνῶν
1647 1942 1707 1974 τοῦ
1734 1935 1806 1974 κατ’

1098 1997 1246 2031 ἐνιαυτὸν
1279 1996 1327 2034 εἰς
1356 1993 1601 2042 Ἀλεξάνδρειαν
1629 1995 1808 2031 κατάπλου

1097 2054 1152 2097 90,
1174 2061 1211 2088 17

1051 2109 1147 2148 ἔθος·
1179 2111 1226 2147 ὡς
1252 2108 1395 2157 ἀρχαῖός
1419 2121 1455 2143 τε
1483 2109 1589 2155 νόμος
1611 2109 1670 2144 καὶ
1692 2109 1807 2144 κοινὸν

1095 2165 1287 2213 ἀνθρώπων
1306 2166 1386 2205 ἔθος
1403 2167 1481 2211 383,
1493 2174 1545 2202 34.
1586 2166 1618 2202 οἱ
1634 2167 1669 2202 ἐν
1683 2162 1807 2214 Ῥώμῃ
1837 2165 1840 2167 ’

1097 2224 1331 2270 στατιωνάριοι
1348 2222 1427 2262 ἔθος
1444 2223 1540 2272 εἶχον
1564 2223 1639 2259 κτλ.
1665 2223 1742 2268 595,
1755 2230 1808 2258 32.
1837 2227 1848 2250 «ἓ

1097 2281 1191 2325 παρὰ
1212 2281 1250 2314 τὸ
1275 2281 1389 2315 κοινὸν
1420 2280 1501 2320 ἔθος
1525 2286 1592 2315 τῶν
1617 2280 1808 2328 ἐπαρχειῶν
1828 2312 1830 2315 ,

1097 2338 1175 2381 669,
1196 2345 1247 2371 11.
1290 2337 1375 2383 μετὰ
1396 2338 1435 2373 τὸ
1459 2337 1494 2379 ἐξ
1514 2336 1616 2376 ἔθους
1633 2336 1807 2382 διδόμενον

1098 2395 1176 2438 708,
1197 2402 1236 2429 13

1050 2451 1208 2486 ε’ίδωλον·
1235 2450 1373 2496 ὤμοσάν
1391 2464 1450 2497 μοι
1465 2451 1509 2486 τὰ
1529 2450 1658 2486 εἴδωλα
1682 2449 1823 2494 (εὐηθι-1

1097 2509 1200 2544 laora
1222 2509 1381 2552 deorum)
1407 2508 1519 2543 αὐτῶν
1543 2508 1622 2552 201,
1641 2515 1672 2543 8.
1720 2507 1822 2554 &nous

1097 2565 1212 2600 θυσίαι
1240 2565 1403 2610 εἰδώλων,
1433 2569 1492 2600 νῦν
1522 2564 1620 2613 χοροὶ
1654 2563 1806 2612 ἀγγέλων

1098 2624 1176 2667 610,
1196 2630 1212 2657 3

1051 2679 1233 2728 εἰκοσήρης
1259 2681 1313 2724 39,
1335 2687 1351 2714 3

1051 2737 1150 2772 εἰκών
1177 2738 1232 2781 56,
1253 2744 1306 2771 61.
1331 2737 1385 2780 90,
1406 2743 1459 2771 38.
1483 2735 1561 2780 213,
1579 2742 1634 2770 43.
1659 2735 1820 2779 215,1·1..

1098 2795 1248 2838 332,11.
1274 2800 1327 2827 24.
1354 2800 1407 2827 46.
1449 2793 1527 2836 456,
1555 2799 1606 2827 17.
1648 2793 1725 2836 764,
1752 2796 1805 2826 42.

1097 2850 1228 2889 εἰκόνος
1268 2850 1379 2895 ζώσης
1418 2851 1477 2884 τοῦ
1513 2847 1594 2887 Διός
1630 2847 1806 2894 (βασιλέως

1098 2906 1324 2952 Πτολεμαίου)
1365 2907 1420 2950 90,
1455 2913 1484 2940 3.

1549 2905 1651 2940 εἰκὼν
1690 2903 1804 2952 χαλκῆ
1819 2909 1838 2948 ξ,
