1858 3126
263 137 318 178 86
496 137 585 170 V111.
623 137 769 179 Imperii
793 137 945 170 Romani
969 138 1179 180 provinciae
1204 138 1406 171 orientales.
1455 141 1488 172 4.
1511 138 1605 173 Asia.
1766 139 1842 182 [480

377 273 446 316 καὶ
489 274 494 330 1
536 274 755 331 [ἀρ]χώνης
803 275 935 317 σείτου
984 276 1112 332 δήμου
1152 273 1409 331 Ῥωμαίων5,
1450 274 1630 333 ἔπαρχος
1682 277 1846 333 σπείρης

372 340 593 399 Ἀστούρων
624 342 628 399 1
658 342 755 398 [κ]αὶ
783 341 1025 386 Καλλαικῶν
1037 347 1065 398 ⁶,
1096 345 1332 401 χειλίαρχος
1367 347 1557 402 λεγιῶνος
1585 345 1647 402 ιβ’
1679 344 1847 403 Πρειμι-

330 423 349 454 5
377 412 510 468 γενίας
550 411 652 458 Πίας
683 411 693 468 Η
724 413 974 469 ΦιὸἠλεωςΊ,
1021 413 1328 469 οἰντεπίτρυτττος8
1370 415 1590 471 ἐπαρχείας
1630 412 1854 472 Μαυρετα·

375 481 461 528 νίας
502 479 749 537 ΤινγιΙτανῆς
793 480 862 524 καὶ
906 482 1126 539 ἐπαρχείας
1168 481 1380 539 Βελγικῆς,
1414 479 1600 540 Ἄρτεμιν
1645 483 1844 540 ἀργυρέαν

376 549 444 591 καὶ
477 548 482 605 Ι
516 550 673 597 εἰκόνας
711 551 909 607 ἀργυρέας
945 551 1036 605 δύο,
1078 552 1170 607 μίαν
1202 550 1466 608 Λυσιμάχου9
1500 551 1573 594 καὶ
1612 551 1738 608 ἄλλην
1773 556 1846 609 τῆς

262 724 450 757 manifesto
477 724 755 766 intellegendum
782 725 839 767 sit,
865 725 1032 758 Hicksius
1058 727 1181 758 monet
1205 725 1333 758 eodem
1358 725 1468 759 modo
1493 727 1603 768 atque
1627 726 1725 769 apud
1749 726 1848 759 Cice-

262 791 386 815 ronem
413 782 457 815 ad
474 783 545 815 Att.
564 782 604 824 V,
624 784 678 824 ⁴5,
699 784 733 814 3:
759 783 799 816 tu
822 784 943 816 autem
960 792 1064 826 saepe
1087 782 1174 816 dare
1194 781 1392 817 tabellariis
1406 781 1693 827 publicanorum
1709 781 1847 828 poteris

255 849 324 882 per
347 838 541 883 mayistros
556 837 760 883 scripturae
782 842 815 885 et
832 842 961 884 portus
984 842 1196 874 nostrarum
1212 838 1438 875 dioecesium.
1482 841 1688 875 Portorium
1705 841 1846 875 Siciliae

261 898 542 930 commemorari
567 907 586 930 a
605 898 778 930 Cicerone
801 899 942 931 monuit
966 898 1071 931 idem.
1113 898 1162 931 Cf.
1188 899 1224 931 in
1242 898 1391 931 Verrem
1409 899 1450 941 11,
1470 901 1524 942 70,
1543 901 1620 932 ⁴7⁴:
1649 896 1847 933 Canuleius

259 964 348 996 vero,
383 953 449 998 qui
477 953 521 988 in
547 956 652 999 porto
684 953 879 999 Syracusis
910 965 1037 999 operas
1073 954 1191 998 dabat,
1227 954 1330 999 furta
1359 965 1495 1000 quoque
1530 954 1640 990 istius
1662 954 1847 1000 permulta

261 1010 486 1046 nominatim
515 1011 564 1046 ad
591 1010 706 1046 socios
730 1011 1003 1057 perscripserat,
1034 1023 1077 1047 ea
1105 1023 1197 1057 quae
1219 1011 1301 1047 sine
1318 1011 1482 1057 portorio
1512 1011 1708 1058 Syracusis
1742 1014 1847 1048 erant

259 1071 463 1112 exportata:
490 1071 640 1113 portum
664 1071 786 1104 autem
809 1072 840 1104 et
867 1069 1094 1114 scripturam
1117 1070 1241 1105 eadem
1263 1069 1414 1105 societas
1436 1069 1593 1105 habebat.
1718 1074 1737 1104 5
1768 1070 1845 1104 1100

259 1127 345 1158 item
372 1127 415 1159 de
440 1136 511 1159 una
537 1128 725 1169 provincia
743 1128 862 1161 Sicilia
886 1128 1165 1170 intellegendum
1190 1137 1269 1162 esse
1295 1129 1532 1170 probabiliter
1555 1128 1710 1162 coniecit
1726 1127 1845 1161 Hicks.

259 1184 297 1215 In
322 1184 427 1217 titulo
446 1185 570 1217 Latino
596 1185 830 1228 frumentum,
856 1186 955 1227 quod
980 1186 1138 1219 societas
1162 1186 1412 1228 praebendum
1430 1186 1617 1229 conduxit,
1639 1183 1848 1229 mancipate

259 1241 408 1283 dicitur3
447 1251 530 1275 nam
569 1251 740 1285 manceps
777 1243 872 1276 idem
910 1245 966 1276 est
1001 1245 1111 1286 atque
1147 1244 1358 1277 conductor.
1487 1246 1507 1276 6
1546 1244 1596 1276 De
1632 1243 1846 1277 cohortibus

258 1300 436 1332 Asturum
467 1302 503 1332 et
527 1300 773 1333 Callaecorum
808 1300 850 1333 cr.
877 1301 913 1333 C.
940 1301 1128 1334 Cichorius
1161 1311 1218 1344 ap.
1245 1301 1558 1344 Pauly-wissowa
1586 1300 1845 1343 Realencyklo·

258 1357 364 1398 padie
391 1357 479 1399 1V‚4
513 1367 545 1399 p.
565 1360 630 1390 247
646 1367 710 1401 sq.‚
745 1359 808 1400 qui
838 1359 1102 1392 demonstravit
1134 1360 1304 1393 cohortes
1334 1360 1509 1392 Asturum
1539 1362 1576 1392 et
1599 1359 1845 1392 Callaecorum

259 1415 272 1445 Ι
298 1416 334 1446 et
360 1415 386 1446 11
414 1415 616 1456 posteriore
641 1416 777 1448 saeculi
803 1425 836 1458 p.
862 1417 942 1449 Chr.
969 1417 1077 1459 primi
1103 1419 1206 1459 parte
1230 1418 1267 1450 in
1292 1417 1473 1450 Pannonia
1495 1416 1706 1459 tetendiss05
1743 1415 1843 1458 quod

258 1480 346 1504 vero
377 1474 474 1504 certa
505 1474 714 1506 testimonia
744 1473 826 1505 inde
859 1483 879 1506 a
912 1474 1053 1507 Traiani
1086 1477 1203 1508 aetate
1232 1474 1276 1507 de
1308 1475 1514 1517 cognomini
1544 1475 1707 1516 cohorte,
1737 1473 1842 1507 cuius

259 1538 432 1562 numerus
472 1539 542 1562 non
573 1533 742 1563 servatus
773 1532 877 1573 esset,
911 1532 947 1563 in
977 1532 1197 1565 Mauretania
1232 1533 1425 1565 stationem
1462 1532 1618 1565 habente
1648 1532 1841 1572 exstarent,

259 1586 374 1618 videri
399 1587 555 1628 primam
581 1587 651 1620 sub
679 1575 794 1620 finem*
814 1589 949 1621 saeculi
983 1589 1092 1631 primi
1123 1598 1168 1622 ex
1194 1590 1374 1622 Pannonia
1404 1589 1490 1622 illuc
1521 1589 1727 1623 traductam
1750 1596 1841 1622 esse.

261 1644 421 1686 Denique
457 1654 550 1686 quae
588 1653 702 1687 prope
731 1645 896 1678 Rhenum
928 1646 1122 1679 tetenderit
1152 1649 1278 1680 utrum
1309 1647 1482 1680 alterutra
1510 1655 1556 1679 ex
1584 1647 1641 1680 his
1666 1655 1712 1680 an
1735 1646 1842 1679 tertia

257 1702 443 1743 ceteroqui
468 1702 588 1743 ignota
614 1705 719 1744 esset,
747 1712 817 1736 non
843 1704 957 1745 magis
974 1706 1152 1747 constare,
1178 1714 1289 1746 quam
1314 1705 1359 1738 ad
1383 1713 1581 1747 quamnam
1607 1704 1840 1747 potissimum

258 1758 354 1791 Vibii
379 1759 552 1792 Salutaris
578 1761 803 1802 praefectura
827 1763 1018 1803 spectaret.
1137 1765 1154 1794 7
1187 1763 1293 1804 Legio
1318 1762 1416 1795 XXII
1439 1762 1655 1805 Primigenia
1677 1763 1714 1795 in
1738 1761 1842 1795 bellis

258 1817 341 1848 anni
376 1819 417 1849 69
449 1826 484 1859 p.
511 1817 590 1850 Chr.
622 1821 932 1851 commemoratur
963 1829 983 1852 a
1017 1819 1139 1852 Tacito
1174 1820 1256 1853 hist.
1287 1821 1312 1862 Ι,
1340 1823 1382 1853 55
1397 1829 1476 1862 sqq.
1512 1821 1553 1862 11,
1583 1823 1661 1853 400.
1696 1819 1754 1862 111,
1785 1822 1840 1852 22.

258 1874 313 1916 IV,
333 1876 386 1906 24.
424 1874 464 1916 V,
486 1877 514 1907 4.
564 1874 785 1917 Cognomina
809 1874 880 1919 pia
907 1875 1026 1919 fidelis
1056 1877 1328 1919 perfrequenter
1356 1878 1389 1910 ei
1421 1877 1633 1911 tribuuntur
1661 1878 1699 1910 in
1726 1876 1841 1910 titulis

260 1932 403 1964 Latinis.
445 1932 563 1965 Hicks.
698 1936 717 1965 8
751 1934 876 1966 Latine
905 1932 1185 1978 subprocurator
1214 1935 1258 1975 (v.
1293 1936 1365 1968 not.
1391 1935 1433 1977 ⁴),
1465 1936 1570 1968 cuius
1602 1934 1712 1968 officii
1742 1934 1841 1967 aliud

257 1989 508 2021 testimonium
534 1991 653 2023 exstat
678 1991 826 2023 nullum.
877 1992 926 2024 Cf.
951 1992 979 2024 J.
998 1992 1205 2034 Marquardt
1231 1992 1422 2025 Ro'mische
1437 1992 1781 2034 Staatsverwaltung
1804 1990 1842 2024 12

258 2054 292 2087 p.
311 2048 375 2078 483
404 2048 474 2079 not.
496 2049 525 2079 7.
575 2048 751 2080 Graecum
785 2047 1028 2093 ἀντεπίτροπος
1058 2051 1167 2083 etiam
1198 2050 1234 2082 in
1258 2049 1364 2082 titulo
1395 2049 1547 2092 bilingui
1576 2050 1687 2083 Inscr.
1713 2047 1771 2083 Gr.
1794 2049 1840 2081 ad

257 2111 314 2135 res
340 2103 443 2135 Rom.
468 2105 557 2145 pert.
582 2105 629 2136 III
654 2114 688 2147 p.
707 2107 771 2137 243
798 2115 832 2138 n.
851 2109 927 2149 676,
948 2109 987 2139 40
1020 2109 1085 2150 est,
1116 2107 1181 2140 sed
1209 2107 1259 2140 ibi
1289 2107 1446 2149 exempli
1478 2107 1593 2140 Latini
1625 2115 1711 2150 pars
1740 2106 1840 2149 prior

258 2161 376 2202 periit,
402 2163 443 2192 ut
468 2161 624 2204 dubites,
654 2164 777 2195 utrum
803 2165 899 2196 recte
924 2164 975 2196 ibi
1005 2162 1078 2198 vice
1102 2162 1354 2208 procuratoris
1377 2164 1587 2207 suppletum
1613 2165 1661 2197 sit
1689 2173 1735 2198 an
1757 2162 1839 2198 sub-

251 2219 469 2260 procurator
493 2219 609 2261 fuerit,
635 2222 676 2251 ut
701 2221 770 2253 hic.
817 2221 864 2253 Cf.
891 2223 999 2268 etiam
1026 2232 1058 2255 n.
1080 2225 1155 2265 586,
1175 2226 1205 2255 5.
1335 2225 1354 2253 9
1386 2222 1502 2265 Regis,
1526 2223 1590 2264 qui
1614 2230 1698 2255 cum
1723 2221 1839 2264 Ephe-

257 2283 338 2307 sum
370 2277 528 2317 cepisset
558 2286 650 2309 anno
677 2279 740 2310 294
777 2278 850 2318 (aut
875 2281 939 2311 287
975 2279 1017 2311 cs.
1044 2280 1211 2322 Droysen
1243 2280 1368 2313 Gesch.
1395 2279 1459 2313 des
1489 2279 1729 2312 Hellenismus
1753 2279 1795 2321 11,
1817 2282 1837 2310 2

256 2341 291 2373 p.
310 2334 374 2364 258
403 2342 435 2364 n.
455 2333 485 2372 4)
512 2333 641 2365 urbem
668 2334 966 2369 inundationibus
991 2337 1143 2378 aliisque
1169 2338 1272 2370 malis
1298 2337 1429 2370 misere
1452 2339 1620 2370 vexatam
1653 2337 1723 2370 alio
1755 2337 1837 2369 loeo

257 2389 300 2421 de
336 2390 475 2431 integro
507 2391 711 2423 aedificavit
746 2393 781 2423 et
812 2394 939 2426 uxoris
977 2395 1122 2427 nomine
1152 2394 1329 2428 Arsinoen
1365 2395 1570 2438 appellavit.
1624 2393 1674 2427 Cf.
1709 2394 1838 2427 Strabo

256 2446 347 2488 XIV,
368 2449 398 2488 ⁴,
417 2449 454 2478 2⁴
487 2456 521 2488 p.
542 2449 625 2480 640:
659 2446 860 2495 Λυσίμαχος
886 2450 923 2483 δὲ
947 2450 1008 2495 τὴν
1033 2454 1092 2484 νῦν
1118 2450 1215 2485 πόλιν
1240 2451 1399 2498 τειχίσας,
1425 2450 1542 2496 ἀηδῶς
1563 2455 1630 2484 τῶν
1647 2449 1838 2495 ἀνθρώπων

259 2501 526 2547 μεθισταμένων,
551 2504 704 2549 τηρήσας
729 2506 965 2552 καταρράκτην
985 2506 1112 2552 ὄμβρον
1131 2508 1321 2554 συνήργησε
1340 2508 1399 2542 καὶ
1423 2507 1520 2545 αὐτὸς
1544 2507 1603 2542 καὶ
1625 2507 1705 2546 τοὺς
1730 2506 1838 2553 ῥινού-

254 2571 339 2606 χους
365 2559 555 2605 ἐνέφραξεν,
582 2561 667 2594 ὥστε
692 2562 901 2596 κατακλύσαι
925 2564 987 2610 τὴν
1014 2564 1129 2599 πόλιν·
1163 2566 1195 2599 οἱ
1219 2565 1257 2599 δὲ
1282 2565 1490 2610 μετέστησαν
1515 2564 1664 2610 ἅσμενοι.
1695 2564 1837 2600 ἐκάλεσε

257 2613 284 2650 δ’
300 2613 468 2663 Ἀρσινόην
493 2617 559 2651 ἀπὸ
584 2622 645 2663 τῆς
671 2620 828 2665 γυναικὸς
852 2621 915 2666 τὴν
946 2621 1055 2665 πόλιν,
1087 2622 1295 2669 ἐπεκράτησε
1327 2623 1441 2667 μέντοι
1472 2622 1510 2656 τὸ
1541 2621 1686 2670 ἀρχαῖον
1717 2621 1836 2668 ὄνομα.

256 2676 376 2717 Steph.
395 2676 478 2717 Byz.
491 2668 654 2717 Ἔφεσος·
687 2675 710 2721 ἡ
745 2676 783 2710 δὲ
807 2677 904 2716 πόλις
937 2678 971 2712 ἐν
997 2678 1103 2725 κοίλῳ
1132 2679 1227 2725 τόπῳ
1252 2678 1510 2714 κατοικισθεῖσα
1537 2685 1710 2728 χειμῶνος
1738 2691 1838 2714 πατε-

256 2730 391 2777 κλόσθη
416 2732 472 2765 καὶ
499 2731 626 2777 μυρίων
654 2732 894 2769 ἀποθανόντων
919 2734 1121 2783 Λυσίμαχος
1150 2736 1211 2781 τὴν
1236 2735 1336 2770 πόλιν
1370 2736 1559 2782 μετέθηκεν
1592 2736 1676 2772 ἔνθα
1698 2739 1758 2772 νῦν
1779 2736 1838 2771 καὶ

256 2785 424 2836 Ἀρσινόην
451 2788 556 2834 αὐτὴν
581 2789 648 2824 ἀπὸ
673 2795 735 2836 τῆς
760 2793 915 2837 γυναικὸς
941 2790 1109 2839 Ἀρσινόης
1141 2793 1326 2838 ὠνόμασεν,
1351 2793 1390 2827 οὔ
1415 2794 1677 2840 τελευτήσαντος
1706 2793 1730 2839 ἡ
1754 2805 1837 2839 προ-

254 2846 334 2893 τέρα
357 2846 480 2892 κλῆσις
498 2847 691 2895 ἀνελήφθη.
731 2850 944 2884 Eustathius
962 2852 1007 2884 ad
1023 2853 1170 2895 Dionys.
1191 2853 1323 2894 Perieg.
1341 2862 1375 2886 v.
1394 2855 1458 2886 828
1479 2854 1525 2895 (p.
1544 2856 1620 2896 363,
1638 2855 1682 2886 46
1699 2852 1836 2893 Miiller)

256 2903 338 2949 φασὶ
365 2904 401 2938 δὲ
426 2905 488 2951 τὴν
512 2910 573 2953 τῆς
590 2904 735 2953 Ἐφέσου
754 2907 853 2942 πόλιν
875 2908 908 2942 ἐν
926 2907 1031 2953 κοίλῳ
1051 2909 1145 2954 τόπῳ
1168 2908 1374 2944 οἰκισθεῖσαν
1398 2909 1461 2955 τὴν
1478 2909 1589 2957 ἀρχὴν
1613 2909 1671 2944 καὶ
1692 2913 1836 2961 χειμῶνι
