1858 3126
226 138 281 178 34
466 138 553 170 VIII.
592 138 738 180 Imperii
763 138 912 171 Romani
938 139 1147 180 provinciae
1173 139 1377 172 orientales.
1428 142 1458 173 4.
1484 140 1578 173 Asia.
1687 140 1814 182 [445-

296 287 315 318 5
343 273 434 322 τοὺς
467 274 471 331 Ι
505 275 546 317 ἐν
576 277 650 316 τῶι
678 275 844 331 πολέμῳ
875 278 949 317 τῶι
979 273 1282 332 Μιθριδάτους5
1310 275 1322 333 ΙΙ
1354 277 1599 333 διετήρησεν,
1638 276 1814 334 ἀνδρήας
1855 318 1858 319 ⁷

341 344 488 386 ἕνεκεν.

225 517 411 550 Strabonis
436 515 685 558 geographicis
710 515 857 548 scimus.
908 515 956 548 Cf.
981 516 1057 558 XII,
1085 517 1117 558 4,
1143 518 1155 548 4
1188 524 1223 558 p.
1249 518 1331 549 563:
1365 515 1447 562 πρὸς
1471 515 1569 550 νότον
1594 515 1632 550 δὲ
1658 515 1730 560 (τὴν
1754 514 1814 551 Βι-

223 572 342 608 θυνίαν
369 571 524 619 ὁρίζουσι)
549 570 573 617 ἥ
598 583 634 605 τε
659 568 775 606 Μυσία
797 571 856 605 καὶ
881 570 904 617 ἡ
921 569 1126 618 Ἐπίκτητος
1149 563 1346 618 καλουμένη
1371 569 1512 619 Φρυγία,
1543 571 1566 617 ἡ
1593 568 1621 607 δ’
1639 572 1730 619 ἀὐτὴ
1755 573 1814 607 καὶ

224 627 522 676 Ἑλλησποντιακὴ
549 626 679 675 Φρυγία
696 628 904 674 καλουμένη.
945 630 1020 673 XII,
1039 633 1072 672 8,
1089 632 1131 663 ⁴2
1153 639 1187 673 p.
1203 632 1285 663 576:
1315 632 1379 675 τῆς
1396 625 1421 663 δ’
1440 627 1647 675 Ἐπικτήτου
1665 627 1815 678 Φρυγίας
1849 646 1853 650 <

222 684 350 727 Ἀζανοί
373 686 412 721 τέ
443 686 506 721 εἰσι
536 686 596 720 καὶ
619 683 779 721 Not->colia
808 685 867 720 καὶ
891 683 1076 721 Κοτιάειον
1106 686 1164 720 καὶ
1188 683 1355 722 Μιδάειον
1384 686 1442 722 καὶ
1477 685 1666 733 Δορυλάϊον
1697 686 1815 726 πόλεις
1847 683 1850 686 ⁴

223 745 282 780 καὶ
306 742 432 780 Κάῦοι·
462 744 542 782 τοὺς
567 743 605 778 δὲ
630 740 768 781 Κάὸους
801 742 883 778 ἔνιοι
908 747 970 789 τῆς
994 741 1127 782 Μυσίας
1154 743 1264 790 φασίν.
1313 745 1483 778 Ceterum
1512 745 1572 778 hic
1601 753 1749 788 quoque
1773 747 1814 779 ut

222 805 259 836 in
284 804 396 845 Mysis
421 802 585 835 Abbaitis
613 803 656 843 (n.
677 801 775 843 4461)
802 810 872 835 usu
898 802 1038 835 venisse
1062 803 1104 835 ut
1134 802 1342 844 antiquiore
1366 801 1515 844 quidem
1545 803 1663 836 aetate
1687 811 1814 836 omnes

223 862 400 904 Phrygiae
416 860 571 903 Epicteti
596 860 734 892 incolae
751 868 866 892 unum
884 868 1018 902 corpus
1036 860 1125 892 iuris
1143 859 1281 902 publici
1303 859 1495 902 efficerent,
1520 861 1648 902 postea
1664 859 1811 893 demum
1839 819 1858 911 *i

223 919 385 961 singulae
418 918 583 951 civitates
614 918 671 949 sui
703 917 794 949 iuris
827 925 907 950 esse
939 918 1150 959 inciperent,
1186 926 1230 950 ex
1254 917 1415 950 nummls
1447 917 1730 951 ΕΠΙΚΤΗΤΕΩΝ
1752 918 1814 950 ’ἰυ-

223 976 369 1019 scriptis
400 975 544 1016 collegit
565 973 810 1016 Waddington
843 974 886 1007 ad
911 973 1024 1007 Lebas
1048 975 1158 1007 Inscr.
1178 974 1234 1017 ΙΙΙ,
1253 977 1353 1007 4004.
1394 973 1449 1007 Ab
1474 974 1653 1007 adiectivo
1675 973 1814 1007 verbali
1846 1000 1850 1004 ,

223 1033 404 1077 ἐπίκτητος
427 1033 587 1065 nominis
611 1032 752 1073 proprii
775 1032 889 1065 instar
906 1031 1030 1064 habito
1057 1032 1214 1065 derivari
1239 1026 1666 1077 ethnicum'me-tvytebc
1690 1031 1812 1074 paullo

222 1091 436 1124 insolentius
454 1091 518 1122 est.
561 1089 628 1122 Sed
646 1089 813 1122 similiter
829 1098 847 1122 a
866 1089 1068 1131 participiis
1091 1088 1296 1122 formantur
1312 1084 1660 1133 Κατακεκαυμενίτης
1673 1088 1813 1131 (Strabo

221 1149 313 1190 XIII,
334 1150 362 1190 4,
382 1150 417 1179 44
450 1156 484 1189 p.
505 1149 581 1180 628.
619 1146 704 1179 Plin.
731 1146 771 1179 H.
795 1156 828 1179 n.
853 1146 945 1188 XIV,
964 1147 1017 1188 75)
1043 1147 1079 1179 et
1103 1143 1440 1192 Προσειλημμενίτης
1466 1146 1510 1188 (n.
1529 1148 1607 1188 539,
1626 1146 1669 1186 k).
1718 1145 1813 1179 Haec
1844 1154 1845 1158 ’

221 1207 320 1247 regio
346 1214 428 1238 cum
455 1214 474 1237 a
492 1204 682 1246 Bithyniae
707 1203 853 1245 regibus
879 1205 1057 1246 occupata
1081 1204 1187 1245 esset,
1214 1212 1306 1236 anno
1324 1205 1388 1235 490
1407 1211 1438 1236 a.
1456 1202 1537 1235 Chr.
1563 1202 1609 1236 ab
1629 1203 1681 1236 eis
1698 1211 1810 1245 regno

221 1264 442 1305 Pergameno
470 1262 636 1294 restituta
661 1263 726 1303 est,
757 1260 886 1293 deinde
910 1261 1029 1294 Attalo
1055 1260 1098 1292 111
1125 1260 1293 1293 defuncto
1319 1261 1345 1302 (4
1357 1262 1397 1292 33
1423 1269 1454 1293 a.
1481 1260 1562 1293 Chr.
1586 1260 1631 1302 n.)
1656 1262 1812 1303 utraque
1839 1264 1844 1300 ζ

221 1322 317 1353 terra
348 1319 485 1362 populo
519 1319 680 1351 Romano
712 1318 846 1351 relicta.
903 1318 950 1351 Cf.
986 1318 1025 1351 H.
1051 1318 1198 1360 Kiepert
1227 1318 1377 1350 Formae
1409 1317 1508 1350 orbis
1537 1317 1638 1350 Rom.
1664 1317 1738 1350 tab.
1763 1317 1813 1350 IX
1840 1354 1843 1355 ⁷

220 1378 304 1410 Asia
334 1377 523 1419 provincia
554 1384 685 1408 comm.
720 1384 753 1417 p.
780 1378 811 1407 7.
858 1374 985 1416 Neque
1022 1375 1117 1407 enim
1153 1376 1251 1408 recte
1284 1375 1352 1408 hac
1383 1375 1421 1407 in
1453 1383 1564 1408 causa
1595 1375 1811 1408 Reinachius
1838 1415 1840 1418 Ι

220 1434 398 1476 Phrygiae
431 1442 451 1465 a
482 1432 651 1465 Romanis
684 1431 882 1464 Mithridati
913 1433 1057 1473 ereptae
1090 1432 1166 1473 (446
1193 1441 1224 1464 a.
1249 1432 1329 1464 Chr.
1354 1431 1401 1473 n.)
1442 1432 1664 1465 mentionem
1693 1432 1841 1475 inicit3÷¹

219 1500 303 1524 nam
330 1491 399 1523 hoc
423 1490 466 1522 de
494 1490 631 1522 maiore
657 1489 767 1522 modo
786 1489 951 1531 Phrygia,
986 1497 1057 1521 non
1082 1489 1126 1521 de
1143 1489 1309 1531 Epicteto
1335 1489 1413 1521 sive
1429 1478 1716 1532 Hellespontiaca
1739 1496 1812 1522 usu

221 1549 321 1581 venit
346 1546 398 1587 (cf.
425 1556 457 1579 n.
475 1545 584 1587 4362).
695 1549 713 1578 5
746 1546 906 1578 Primum
925 1545 1062 1578 bellum
1078 1545 1361 1579 Mithridaticum
1382 1546 1643 1588 interpretatur
1657 1546 1812 1579 Momm·
1836 1536 1838 1538 ¹

222 1614 296 1647 sen,
322 1604 471 1637 tertium
496 1603 662 1636 Reinach.
705 1602 772 1641 Qui
798 1602 1033 1645 demonstrat,
1059 1611 1143 1635 cum
1168 1603 1288 1645 primo
1306 1602 1400 1635 bello
1425 1602 1506 1635 illae
1522 1603 1688 1645 regiones
1713 1604 1810 1636 totae
1835 1616 1837 1618 ·

222 1661 344 1694 statim
371 1671 390 1693 a
415 1659 619 1693 Mithridate
645 1660 843 1702 occupatae
867 1661 903 1692 et
927 1668 1020 1692 anno
1047 1662 1088 1692 85
1108 1668 1139 1694 a.
1155 1659 1235 1692 Chr.
1262 1668 1283 1691 a
1307 1658 1465 1692 Fimbria
1489 1659 1567 1692 sine
1590 1659 1664 1692 ulla
1687 1662 1832 1702 pugna-'

222 1719 469 1761 recuperatae,
502 1726 544 1750 eo
569 1726 656 1750 vero
684 1717 806 1750 occiso
838 1726 858 1749 a
883 1717 979 1749 Sulla
1004 1718 1202 1758 occupatae
1227 1717 1309 1759 sint,
1341 1716 1480 1748 nullum
1513 1716 1669 1749 inveniri
1700 1724 1810 1759 posse

220 1779 369 1819 tempus
393 1776 429 1808 in
454 1774 553 1817 quod
578 1774 726 1807 Salluvii
742 1773 896 1807 Nasonis
922 1774 1050 1807 merita
1076 1773 1198 1816 qualia
1215 1773 1274 1806 hic
1299 1773 1554 1816 praedicentur
1579 1773 1718 1807 cadant.
1757 1773 1810 1806 De
1833 1784 1836 1787 ¹

221 1833 330 1866 tertio
362 1842 449 1865 vero
486 1832 580 1865 bello
617 1832 653 1864 id
689 1832 838 1874 quidem
870 1832 965 1864 inter
994 1832 1263 1865 Mommsenum
1296 1832 1333 1864 et
1361 1831 1597 1864 Reinachium
1627 1831 1808 1874 convenit,

221 1891 382 1933 Pompei,
411 1890 515 1922 cuius
540 1889 713 1931 auspiciis
738 1889 775 1922 in
800 1889 870 1922 illis
895 1888 1107 1931 regionibus
1132 1889 1280 1922 omnino
1306 1888 1394 1921 nihil
1418 1888 1470 1921 rei
1490 1888 1641 1922 bellicae
1664 1890 1807 1931 gestum

222 1950 278 1990 sit,
311 1949 468 1989 legatum
495 1956 568 1980 non
601 1946 712 1979 fuisse
737 1947 948 1979 Salluvium.
996 1946 1042 1979 At
1066 1946 1204 1979 Luculli
1234 1945 1348 1979 ductu
1379 1954 1446 1988 per
1477 1946 1558 1988 ipsa
1589 1945 1675 1979 belli
1706 1945 1833 1993 initia,

222 2006 264 2047 (a.
283 2007 325 2037 73
351 2006 387 2037 et
412 2006 454 2035 72
482 2014 510 2036 a.
530 2004 610 2036 Chr.
630 2004 674 2043 n.)
700 2004 822 2036 Asiam
848 2004 1030 2036 minorem
1055 2003 1277 2045 pedetentim
1293 2002 1491 2036 Mithridati
1516 2002 1562 2036 ab
1587 2002 1808 2036 exercitibus

219 2062 394 2094 Romanis
417 2063 595 2094 extortam
623 2069 711 2093 esse.
761 2062 851 2094 Sane
878 2061 922 2093 de
952 2061 1008 2093 his
1034 2060 1144 2093 rebus
1170 2061 1291 2103 gestis,
1322 2069 1365 2094 ac
1394 2060 1628 2102 potissimum
1659 2059 1807 2102 quidem

221 2118 265 2150 de
291 2126 401 2159 opera
427 2126 536 2159 quam
563 2118 667 2159 legati
694 2119 772 2150 tum
806 2118 1053 2159 praestiterint
1082 2117 1155 2150 fere
1185 2117 1274 2150 nihil
1306 2117 1480 2150 traditum
1512 2124 1608 2159 esse3
1641 2118 1808 2150 constare

220 2176 353 2216 tamen,
379 2177 457 2206 tum
484 2175 592 2207 etiam
618 2176 653 2207 in
677 2175 794 2217 Mysia
818 2175 955 2207 bellum
980 2177 1124 2216 gestum
1150 2183 1239 2217 esse,
1268 2183 1313 2207 ex
1338 2175 1467 2207 Oresio
1492 2174 1548 2216 VI,
1575 2176 1606 2216 2,
1624 2176 1684 2207 ⁴6:
1721 2175 1808 2207 tww

221 2230 332 2266 etiam
356 2229 540 2273 Fannius,
577 2230 643 2275 qui
664 2241 700 2265 se
723 2229 936 2266 Mithridati
963 2230 1144 2274 iunxerat,
1175 2233 1207 2264 et
1229 2228 1483 2274 Metrophanes
1511 2228 1634 2274 reyiue
1659 2230 1807 2274 praetor
1834 2271 1836 2274 Ι

221 2298 246 2322 a
270 2286 451 2322 Mamerco
475 2286 572 2330 vieti,
597 2298 681 2322 cum
705 2287 842 2322 duobus
865 2278 1016 2322 milibus
1041 2286 1201 2332 equitum
1224 2285 1268 2321 in
1291 2285 1469 2322 Moesiam
1488 2285 1730 2331 profiiyerzmt
1752 2288 1808 2321 at-

221 2355 286 2389 que
310 2343 395 2378 inde
425 2343 468 2378 in
493 2343 704 2379 Maeoniam
736 2343 892 2389 diyressi
920 2344 964 2379 in
993 2344 1094 2379 eolles
1124 2354 1338 2389 camposque
1369 2342 1556 2379 Inwrimos
1586 2342 1804 2379 inciderwzt.

222 2403 340 2442 Quare
365 2403 401 2435 in
431 2403 519 2435 illud
545 2404 690 2445 tempus
718 2404 847 2436 melius
879 2413 988 2445 quam
1020 2405 1057 2436 in
1081 2403 1198 2436 ullum
1230 2403 1326 2436 aliud
1361 2403 1539 2445 quadrare
1570 2402 1679 2436 huius
1708 2403 1805 2436 tituli

222 2462 487 2501 argumentum.

308 2673 399 2716 446
446 2677 567 2728 Lapis
610 2677 784 2717 insertus
822 2679 935 2730 ponti
975 2679 1026 2718 ad
1064 2680 1199 2719 vicum
1236 2675 1391 2718 &hedis
1425 2676 1639 2729 Phrygiae.
1701 2676 1799 2716 Edd.
1824 2659 1828 2733 J

221 2745 377 2798 Keppel
400 2744 489 2784 ltin.
508 2745 542 2783 Π
563 2757 602 2796 p.
621 2745 703 2783 244
729 2746 835 2797 (inde
865 2747 897 2785 J.
918 2747 1048 2786 Franz
1073 2748 1114 2786 in
1141 2748 1329 2787 lemmate
1349 2745 1453 2786 tituli
1476 2745 1517 2785 C.
1539 2745 1567 2784 Ι.
1593 2744 1637 2784 G.
1661 2742 1818 2798 3849).Δ

221 2814 425 2853 Hamilton
457 2813 706 2853 Researches
736 2814 770 2852 II
800 2826 839 2853 n.
864 2815 929 2853 2⁴.
988 2816 1117 2856 Lebas
1147 2816 1270 2856 Inscr.
1298 2815 1350 2854 III
1378 2813 1479 2854 4004
1525 2811 1670 2866 (Franz
1698 2812 1802 2852 Add.

222 2881 263 2921 C.
286 2882 314 2922 Ι.
339 2882 383 2922 G.
406 2882 458 2921 ΙΠ
487 2894 527 2934 p.
553 2881 689 2932 4085).
