1858 3126
202 146 284 187 488
843 145 900 178 IX.
937 146 1134 188 Appendix.
1701 148 1781 190 [74⁸

203 267 294 284 annus
308 266 334 284 a.
344 258 443 285 Chnn.

217 308 376 359 ⁶280s79
406 302 492 347 Ἐπὶ
520 303 788 361 Γοργιππίδου
818 308 886 347 τοῦ
914 302 1178 347 Ἀπολλωνίου
1212 305 1216 361 Ι
1253 305 1486 364 ἱππάρχεω3
1517 307 1572 354 εἰς
1605 307 1787 364 ὂιγῶναςἾι

363 386 382 418 5
411 374 604 430 ἀργυρίου
633 373 645 430 ΙΙ
674 372 850 416 τάλαντα
872 371 1176 431 Ἀλεξάνδρειαῦ
1196 373 1344 418 εἴκοσιν
1379 375 1383 429 Ι
1415 374 1483 417 καὶ
1515 377 1571 423 εἰς
1602 377 1786 433 φυλακὴν

408 447 479 499 τῆς
509 443 648 500 χώρας
678 441 846 491 ἵππους6
879 443 882 498 Ι
915 446 1170 499 πεντήκοντα.
1208 446 1210 499 Ι

248 525 378 580 279]ss
405 521 497 566 Ἐπὶ
519 522 812 582 Βουφαντίδου,
844 525 1142 581 πολεμηθείσης
1176 525 1180 581 Ι
1214 529 1283 581 τῆς
1304 526 1478 582 χώραςΊ,
1503 526 1686 568 ἀτέλειαν
1717 530 1787 582 τῆς

203 676 293 709 Cum
319 677 390 709 hoc
415 677 551 718 populo
576 677 702 718 postea
727 676 892 708 Attalidis
918 676 1063 718 regibus
1090 677 1283 709 amicitiam
1311 677 1422 710 fuisse
1447 678 1483 710 in
1507 677 1634 719 volgus
1660 679 1787 710 notum

202 737 266 765 est.
317 734 383 765 Sed
411 734 494 766 hine
519 734 694 766 discimus
719 743 798 767 eam
824 743 895 767 non
921 734 966 766 ab
992 734 1099 766 Attali
1126 736 1137 766 l
1165 736 1259 776 regis
1285 736 1516 768 matrimonio
1542 743 1623 768 cum
1641 735 1788 777 Apollo-

201 791 285 824 nide
312 791 489 833 Cyzicena
515 791 660 823 demum
688 791 862 832 originem
897 792 1048 834 cepisse,
1081 792 1142 824 sed
1177 793 1246 825 iam
1274 802 1294 825 a
1319 793 1519 825 Philetaero
1549 793 1654 834 quasi
1687 792 1788 825 here-

202 849 312 881 ditate
340 851 524 891 acceptam
551 848 671 881 fuisse.
713 848 837 891 Neque
857 858 942 881 vero
968 850 1052 882 huic
1071 849 1181 882 modo
1199 850 1335 882 civitati
1362 850 1420 882 ille
1444 850 1597 892 favebat,
1623 849 1687 882 sed
1704 859 1786 882 eum

203 907 348 938 omnino
375 906 528 939 Graecas
555 907 664 939 urbes
691 907 725 938 in
752 907 879 939 vicinis
912 906 1119 948 regionibus
1146 908 1233 939 sitas
1259 904 1390 949 opibus
1424 907 1500 940 suis
1526 907 1712 940 adiuvisse
1737 907 1789 939 in-

201 964 405 1005 tellegimus
431 973 474 996 ex
509 973 541 996 n.
563 966 640 1006 335,
660 967 744 996 ⁴35:
787 963 902 1000 ὖόντος
933 962 990 1005 [εἰς
1020 964 1136 1005 symm
1170 961 1364 1000 Πιταναίοις
1394 963 1452 997 καὶ
1486 961 1687 1008 Φιλεταίρου
1717 963 1788 1005 τΙά-

201 1020 306 1054 >mm
332 1038 524 1045 ---------
526 1021 547 1063 J.
585 1022 617 1053 S.
644 1023 679 1053 et
704 1021 741 1053 R.
862 1024 879 1053 3
913 1021 1135 1063 Hipparches
1161 1030 1366 1063 eponymus
1392 1021 1653 1063 Cyzicenorum
1679 1022 1789 1063 magi-

201 1081 336 1111 stratus
359 1081 444 1111 erat.
486 1079 562 1111 Etsi
587 1079 723 1120 passim
745 1079 900 1120 volgaris
919 1079 1024 1111 flexio
1044 1079 1238 1120 invenitur,
1263 1081 1383 1111 tamen
1401 1079 1504 1120 longe
1529 1079 1677 1120 plurimi
1695 1079 1788 1111 tituli

201 1146 318 1179 usque
342 1136 386 1168 ad
412 1137 636 1178 principatus
656 1136 805 1169 Romani
830 1138 985 1169 aetatem
1007 1137 1213 1177 genetivum
1232 1137 1395 1169 Ionicum
1421 1134 1598 1181 ἱππάρχεω
1623 1137 1788 1168 retinent.

202 1194 250 1226 Cf.
276 1193 379 1235 ΞΥΙΙ.2
403 1203 435 1226 n.
456 1196 533 1235 3¹08,
553 1197 582 1226 6.
611 1196 687 1235 365,
708 1197 736 1225 4.
765 1196 841 1235 366,
859 1197 889 1226 4.
1003 1196 1018 1225 4
1054 1193 1220 1226 Editores
1238 1194 1348 1235 primi
1365 1193 1454 1226 haec
1470 1194 1678 1235 certamina,
1703 1194 1789 1235 quia

201 1252 297 1283 nulla
323 1252 526 1284 accuratior
550 1250 709 1284 definitio
735 1251 939 1292 adderetur,
965 1252 1063 1293 ipsas
1091 1252 1267 1283 maximas
1285 1251 1550 1293 Cyzicenorum
1576 1250 1692 1292 ferias,
1717 1251 1738 1283 i.
1757 1259 1787 1283 e.

201 1309 368 1351 Olympia
393 1317 473 1341 esse
498 1310 713 1341 statuerunt.
755 1309 828 1340 Iam
855 1318 896 1341 ea
921 1310 1050 1350 quarto
1079 1317 1225 1350 quoque
1250 1317 1343 1341 anno
1368 1308 1542 1340 celebrari
1567 1308 1675 1340 solita
1698 1307 1795 1350 esse,

201 1369 235 1398 et
261 1367 295 1398 in
322 1375 455 1398 annum
485 1369 542 1397 474
569 1375 601 1408 p.
621 1366 701 1398 Chr.
728 1366 909 1398 eiusmodi
937 1366 1150 1408 Olympiada
1177 1366 1356 1407 incidisse,
1382 1365 1426 1398 de
1451 1375 1524 1407 qua
1550 1374 1587 1398 re
1612 1366 1790 1407 provocat

202 1424 243 1455 ad
271 1423 437 1456 Aristidis
465 1424 619 1456 rhetoris
651 1424 857 1456 testimonia
889 1424 994 1456 allata
1026 1424 1071 1456 ab
1095 1424 1124 1456 J.
1142 1424 1308 1456 Massono
1343 1423 1387 1455 de
1411 1423 1579 1455 Aristidis
1604 1423 1687 1455 .vita
1717 1422 1790 1455 col-

202 1482 361 1514 lectanea
378 1482 550 1514 historica
568 1490 602 1523 p.
617 1481 776 1514 CXXXV
786 1491 864 1523 sqq.
899 1481 1058 1514 Dindors.
1101 1481 1148 1513 Cf.
1175 1481 1348 1513 Aristides
1366 1480 1507 1522 XXVII,
1526 1482 1580 1512 40.
1602 1483 1634 1512 44
1667 1479 1749 1521 (vol.
1761 1480 1789 1511 ll

202 1548 235 1580 p.
257 1541 331 1580 454,
351 1540 391 1570 24
408 1547 485 1580 sqq.
517 1539 604 1578 Keil)
639 1537 780 1582 δευτέρᾳ
814 1537 851 1571 δὲ
874 1536 897 1582 ἢ
929 1537 1024 1584 τρίτῃ
1051 1537 1165 1583 ἡμέρᾳ
1198 1536 1379 1582 παρελθὼν
1405 1536 1466 1582 τὴν
1492 1527 1652 1581 πατρῴαν
1678 1535 1788 1569 οἰκίαν
1852 1544 1858 1585 j

200 1595 358 1639 γίγνομαι
385 1594 419 1628 ἐν
447 1596 497 1640 τῷ
528 1595 606 1641 ἱερῷ
627 1598 688 1628 τοῦ
714 1593 794 1633 Διὸς
824 1598 884 1629 τοῦ
907 1592 1111 1640 Ὀλυμπίου.
1136 1614 1183 1619 -
1206 1595 1354 1639 περιόντι
1385 1594 1424 1628 δὲ
1446 1594 1497 1639 τῷ
1525 1592 1594 1628 ἔτει
1623 1593 1683 1627 ’καὶ
1709 1593 1790 1638 μηνὶ

202 1652 348 1696 μάλιστα
373 1651 496 1687 θᾶττον
521 1651 604 1698 ἦγον
624 1649 813 1697 Κυζικηνοὶ
836 1653 898 1698 τὴν
919 1651 1112 1698 ἱερομηνίαν
1129 1653 1192 1698 τὴν
1212 1650 1267 1686 ἐπὶ
1290 1653 1339 1698 τῷ
1360 1652 1437 1698 νεῷ.
1474 1652 1510 1685 C.
1525 1653 1549 1684 1.
1565 1652 1603 1685 G.
1619 1654 1678 1685 284
1688 1654 1719 1694 0,
1734 1654 1788 1684 46.

203 1714 302 1754 3676,
323 1714 341 1743 6
374 1707 521 1748 Κύζικον
542 1706 727 1755 Ὀλυμπία.
773 1713 873 1752 3428,
899 1714 928 1743 8.
949 1714 967 1743 9
996 1706 1172 1753 Ὀλύμπια
1197 1709 1231 1744 ἐν
1257 1707 1409 1755 Κυζίκῳ.
1452 1712 1552 1751 3672,
1573 1712 1591 1741 6
1617 1707 1717 1742 δοιῶν
1741 1726 1787 1731 ——

199 1764 454 1813 Ὀλυμπιάδων.
497 1768 625 1811 Quare,
651 1769 682 1801 si
706 1768 814 1801 modo
840 1769 1042 1810 legitimum
1060 1768 1285 1810 quadriennii
1303 1767 1461 1810 spatium
1487 1775 1552 1810 per
1575 1768 1629 1800 tot
1645 1766 1790 1799 saecula
1851 1775 1858 1799 ³.

201 1827 367 1868 religiose
393 1828 579 1859 servatum
603 1828 708 1868 esset,
736 1827 807 1858 iam
827 1835 918 1859 anno
937 1828 996 1858 284
1027 1835 1057 1858 a.
1076 1825 1156 1858 Chr.
1177 1834 1207 1857 n.
1235 1825 1414 1857 eiusmodi
1438 1824 1544 1857 ludos
1569 1823 1712 1856 habitos
1737 1823 1790 1854 vi·
1855 1823 1858 1839 ³

202 1884 290 1927 deri,
318 1884 362 1917 ad
386 1893 479 1926 quos
506 1883 691 1917 referenda
717 1886 813 1916 esset
837 1884 926 1916 haee
950 1883 1140 1915 Philetaeri
1167 1882 1420 1914 munificentia.
1470 1881 1537 1914 Sed
1562 1882 1598 1913 in
1622 1881 1690 1913 hac
1714 1882 1789 1912 tota
1854 1883 1858 1915 Ῑ

202 1943 514 1983 argumentatione
540 1942 743 1984 neglectum
770 1944 825 1974 est
850 1942 885 1974 in
911 1941 1016 1974 titulo
1041 1941 1108 1982 legi
1135 1939 1181 1976 εἰς
1207 1938 1340 1985 ἀγῶνας
1365 1940 1441 1971 sine
1466 1939 1629 1980 articulo,
1660 1939 1702 1970 ut
1726 1946 1789 1979 ap-

202 2002 327 2041 pareat
357 2009 427 2032 non
459 2001 572 2032 statos
598 1999 703 2032 ludos
729 1999 932 2041 significari,
969 1998 1030 2031 sed
1056 2007 1098 2030 eo
1124 1998 1204 2040 ipso
1239 1997 1391 2029 consilio
1422 1996 1614 2038 pecuniam
1645 1994 1787 2028 dedisse

202 2057 455 2098 Philetaerum‚
488 2059 527 2088 ut
561 2057 738 2098 Cyziceni,
772 2056 924 2089 fortasse
953 2056 1001 2089 ob
1031 2055 1220 2088 victoriam
1255 2056 1316 2086 aut
1347 2053 1452 2086 aliam
1486 2051 1687 2095 quamlibet
1710 2060 1788 2084 rem
1851 2054 1858 2071 -'

202 2115 343 2156 laetam,
378 2115 577 2146 certamina
607 2115 890 2147 extraordinaria
924 2113 1108 2147 haberent.
1249 2115 1267 2144 5
1299 2111 1605 2153 Frequentissima
1637 2110 1720 2143 inde
1745 2110 1789 2142 ab
1846 2130 1848 2134 -

201 2172 392 2204 Alexandri
418 2171 534 2212 Magni
559 2180 668 2212 regno
694 2174 749 2203 est
775 2169 936 2216 δραχμῶν
960 2167 1212 2214 Ἀλεξανδρεία»)
1237 2169 1441 2212 appellatio,
1467 2178 1540 2210 qua
1564 2168 1659 2201 idem
1681 2167 1790 2209 signi-

201 2229 301 2262 ficari
335 2230 443 2271 atque
481 2229 630 2270 antiquo
670 2228 927 2261 drachmarum
954 2229 1165 2261 'Atticarum
1203 2227 1351 2260 nomine
1387 2235 1494 2259 nemo
1530 2225 1603 2258 fere
1639 2225 1789 2267 ignorat.
1844 2248 1845 2251 η

202 2287 329 2319 Rarius
360 2286 457 2319 idem
489 2287 525 2318 iu
556 2286 679 2318 talenti
706 2286 883 2318 vocabulo
909 2286 957 2318 fit.
1002 2287 1033 2318 S.
1059 2288 1096 2318 et
1119 2286 1157 2318 R.
1277 2287 1295 2317 6
1328 2281 1790 2327 Epigrammasepulcrale
1844 2274 1845 2277 ¹

202 2344 373 2376 Arcesilai
413 2344 510 2386 apud
548 2344 742 2385 Diogenem
777 2343 957 2376 Laertium
993 2343 1049 2384 IV,
1085 2345 1142 2375 30:
1187 2339 1366 2386 Πέργαμος
1408 2339 1472 2387 οὔχ
1511 2338 1629 2376 ὅπλοις
1667 2337 1787 2382 ιιιλεινὴ
1844 2331 1848 2346 ‘

203 2402 317 2443 μόνον,
342 2399 432 2433 ἀλλὰ
456 2400 513 2433 καὶ
543 2399 662 2436 ἵπποις
690 2399 694 2442 Ι
722 2398 887 2436 πολλάκις
914 2399 1055 2433 αὐδᾶται
1081 2397 1189 2432 Πῖῦαν
1215 2398 1279 2432 ἀνὰ
1304 2397 1430 2442 ζαθέην
1460 2407 1531 2430 non
1557 2398 1677 2439 inepte
1701 2404 1787 2428 con-

203 2453 322 2490 ferunt
347 2458 515 2497 editores,
547 2458 614 2490 etsi
651 2466 736 2490 sane
769 2466 812 2489 ex
837 2459 1074 2499 pentametro,
1108 2466 1216 2498 quem
1243 2457 1293 2488 illi
1325 2465 1393 2488 non
1420 2454 1701 2496 exscripserunt,
1727 2461 1788 2495 ap·
1838 2453 1844 2479 ’ἰ

202 2517 306 2557 paret
345 2524 417 2548 non
458 2515 628 2547 bellicum
669 2523 778 2547 usum
822 2514 884 2546 sed
929 2514 1096 2546 ludorum
1143 2514 1340 2546 certamina
1380 2513 1562 2554 equestria
1603 2511 1788 2553 spectasse

203 2573 358 2615 poetam.
502 2575 519 2604 7
553 2573 641 2605 Cum
669 2582 702 2604 v.
719 2575 771 2604 48.
792 2575 833 2604 49
869 2572 1014 2604 demum
1048 2569 1082 2603 ἐν
1114 2571 1162 2610 τῷ
1188 2569 1330 2613 πολέμῳ
1355 2569 1403 2614 τῷ
1427 2569 1509 2615 πρὸς
1531 2567 1610 2605 τοὺς
1636 2565 1789 2603 Γαλάτας
1836 2575 1837 2578 ’

205 2631 356 2673 legatur,
393 2633 678 2664 consentaneum
711 2631 766 2662 est
802 2630 874 2662 hoc
910 2629 1055 2671 quidem
1095 2627 1227 2660 bellum
1267 2627 1410 2659 biennio
1448 2626 1631 2668 antiquius
1665 2626 1788 2658 eontra
1836 2635 1839 2639 ·

205 2690 315 2721 alium
333 2689 476 2721 hostem
494 2690 635 2730 gestum
661 2696 750 2719 esse.
794 2687 910 2728 Atque
935 2686 1091 2718 editores
1109 2684 1255 2727 quidem
1282 2684 1468 2725 aptissime
1493 2683 1653 2724 cogitant
1677 2682 1721 2714 de
1745 2690 1788 2714 eo

206 2747 313 2788 bello,
338 2746 439 2788 quod
457 2746 654 2778 Antiochus
672 2746 685 2777 Ι
711 2746 836 2777 contra
852 2743 1085 2777 Nicomedem
1105 2742 1298 2783 Bithynum
1325 2743 1361 2773 et
1377 2741 1594 2781 Antigonum
1613 2740 1786 2772 Gonatam

203 2805 355 2844 gesserit
379 2805 426 2846 (B.
445 2802 552 2836 Niese
572 2803 696 2835 Gesch.
717 2802 780 2834 der
804 2811 854 2843 gr.
873 2801 945 2834 und
970 2800 1108 2832 maked.
1128 2800 1270 2831 Staaten
1296 2798 1323 2830 11
1349 2807 1383 2840 p.
1403 2797 1467 2838 76).
1510 2797 1620 2829 Cuius
1646 2805 1787 2829 memo·

206 2863 256 2893 ria
290 2862 357 2894 etsi
397 2861 609 2893 tenuissima
643 2863 677 2893 et
712 2860 971 2893 obscurissima
1005 2860 1070 2899 est,
1101 2859 1220 2890 tamen
1251 2855 1286 2887 id
1325 2855 1426 2887 annis
1463 2852 1590 2897 280s79
1622 2856 1658 2886 et
1682 2851 1788 2896 27918
1838 2887 1839 2890 Ἴ

206 2929 234 2951 a.
255 2919 335 2950 Chr.
364 2928 396 2951 n.
435 2921 574 2959 gestum
614 2927 692 2951 esse
730 2919 870 2950 certum
908 2916 1060 2948 videtur.
1123 2915 1170 2946 Ac
1208 2913 1294 2945 mihi
1324 2911 1471 2954 quidem
1511 2913 1666 2944 maxime
1702 2919 1787 2952 pro-
