1858 3126
219 144 302 186 438
399 143 490 176 VIII.
527 144 675 185 Imperii
699 144 852 176 Romani
875 145 1084 186 provinciae
1109 145 1312 178 orientales.
1361 149 1392 178 9.
1416 145 1615 188 Aegyptus.
1677 146 1804 189 [704-

305 290 389 334 701
434 294 550 333 Basis
586 294 732 346 lapidis
769 295 928 334 calcarii
964 298 1081 335 eruta
1115 296 1156 334 in
1192 296 1357 348 antiquo
1386 297 1693 338 Antinoensium
1728 309 1803 350 op-

217 363 314 415 pido
351 359 711 416 (Sekech-Abdde),
758 365 1004 404 translatum
1043 365 1084 403 in
1124 376 1311 404 museum
1351 358 1489 418 oppidi
1529 362 1667 406 Gairo.
1729 366 1800 406 Ed.

217 432 260 471 E.
280 432 406 471 Miller
436 432 577 471 Revue
607 431 781 472 archeol.
809 433 940 473 Nouv.
964 434 1047 473 Ser.
1072 433 1163 472 XXI
1194 431 1335 487 (⁴870)
1365 446 1406 487 p.
1430 435 1526 474 343.

334 555 604 613 Αὐτοκράτωρ
635 554 811 613 Καῖσαρ,
851 557 949 599 θεοῦ
983 556 987 613 Ι
1021 556 1253 614 [ΤραϊανΙοῧ
1285 556 1498 614 Παρθικοῦ
1536 559 1634 614 υἱός,
1667 558 1673 615 Ι
1704 559 1803 601 θεοῦ

333 623 498 682 Νέρουα
535 626 689 680 υἱωνός,
737 624 965 682 [Τ]ραϊανὸς
1009 626 1013 682 Ι
1047 624 1254 683 Ἁδριανὸς
1291 626 1504 684 Σεβαστός,
1543 625 1755 684 ἀρχιερεὺς
1792 625 1805 684 ΙΙ

286 706 305 738 5
335 695 530 750 μέγιστος,
570 696 826 751 δημαρχικῆς
864 695 1043 742 ἐξουσίας
1081 695 1086 752 Ι
1124 695 1167 737 τὸ
1207 693 1286 749 κα’,
1329 694 1586 753 αὐτοκράτωρ
1624 695 1668 739 τὸ
1705 693 1756 753 β’,
1797 697 1802 752 Ι

336 764 484 810 ὕπατος
514 762 557 804 τὸ
589 760 639 819 γ’,
677 763 809 820 πατὴρ
838 764 1065 820 πατρίδος1,
1102 764 1106 820 Ι
1140 763 1231 806 ὁδὸν
1268 764 1411 820 καινὴν
1435 762 1648 822 ζΑδριανὴν
1685 764 1763 807 ἀπὸ
1797 764 1803 820 Ι

264 843 305 874 10
332 830 578 888 Βερενίκης2
618 834 676 880 εἰς
708 829 930 875 Ἀντινόου3
969 831 1037 875 διὰ
1069 832 1080 890 ΙΙ
1109 835 1239 876 τόπων
1280 835 1473 890 ἀσφαλῶν
1504 832 1573 876 καὶ
1603 835 1764 890 ὁμαλῶν
1798 835 1804 890 Ι

332 898 445 957 παρὰ
484 901 553 957 τὴν
587 898 792 958 Ἐρυθρὰν
833 900 1071 944 θάλασσαν4
1113 902 1116 958 Ι
1156 903 1399 959 ὑδρεύμασιν
1440 904 1659 960 ἀφθόνοιςῡ
1696 901 1766 945 καὶ

309 1074 465 1107 Litterae
491 1075 700 1108 ΘΞΠΟωΩ.
821 1077 833 1106 4
865 1074 1035 1107 Hadriani
1060 1074 1254 1107 tribunicia
1278 1077 1440 1118 potestas
1473 1085 1546 1109 una
1569 1078 1605 1108 et
1631 1077 1807 1118 vigesima

216 1132 345 1174 incipit
369 1141 389 1164 a
415 1132 473 1164 die
499 1134 553 1164 40.
579 1132 715 1164 mensis
740 1131 952 1164 Decembris
978 1141 1009 1164 a.
1029 1135 1091 1164 436
1110 1141 1144 1174 p.
1163 1132 1244 1165 Chr.
1262 1142 1297 1165 n.
1322 1133 1376 1175 (cf.
1402 1133 1464 1166 Th.
1478 1134 1680 1167 Mommsen
1704 1134 1806 1167 Rom.

216 1189 439 1222 Staatsrecht
462 1190 503 1231 11,
529 1188 572 1220 23
596 1198 630 1231 p.
650 1192 710 1221 804
743 1191 814 1222 not.
834 1190 877 1232 4),
911 1198 1027 1223 annus
1057 1190 1203 1231 imperii
1236 1191 1435 1232 vigesimus
1467 1198 1563 1225 unus
1594 1200 1639 1224 ex
1662 1192 1806 1234 Aegyp-

215 1247 353 1279 tiorum
378 1247 594 1280 numerandi
619 1248 758 1280 ratione
793 1248 837 1289 (v.
863 1248 917 1288 45)
950 1257 970 1280 a
1001 1248 1059 1280 die
1084 1250 1137 1280 29.
1165 1257 1212 1281 m.
1238 1248 1392 1289 Augusti
1421 1248 1585 1282 eiusdem
1613 1250 1708 1283 anni.
1756 1248 1807 1284 Cf.

215 1306 290 1337 not.
309 1308 340 1337 8.
459 1307 478 1336 2
513 1305 682 1337 Berenice
708 1305 885 1347 oppidum
910 1305 946 1337 in
974 1305 1095 1338 littore
1124 1305 1236 1338 maris
1260 1305 1375 1348 rubri,
1400 1306 1436 1339 in
1463 1306 1628 1340 confiniis
1651 1306 1807 1349 Aegypti

215 1364 252 1394 et
284 1362 546 1404 Trogodytices
577 1363 699 1405 situm,
734 1363 923 1395 conditum
954 1372 975 1395 a
1003 1363 1209 1396 Ptolemaeo
1242 1363 1271 1395 ΙΙ
1306 1363 1540 1406 Philadelpho
1572 1365 1609 1396 et
1644 1364 1690 1397 ab
1726 1365 1805 1397 eius

216 1421 334 1452 matre
370 1420 655 1462 denominatum,
695 1420 828 1453 florens
862 1422 1066 1452 mercatura
1104 1420 1235 1462 Indica,
1271 1421 1437 1463 Arabica,
1474 1421 1688 1464 Aethiopica
1721 1429 1807 1454 cum

215 1477 507 1510 Ptolemaeorum
540 1486 651 1519 regno
686 1479 776 1519 tum,
809 1479 849 1510 ut
873 1478 932 1510 hic
957 1479 1034 1519 ipse
1065 1478 1194 1510 titulus
1219 1478 1339 1520 docet,
1364 1479 1625 1512 Romanorum·
1641 1479 1807 1522 imperio.

217 1534 266 1566 Cf.
293 1535 399 1566 Sethe
425 1543 480 1575 ap.
502 1534 814 1576 Pauly-Wissowa
833 1535 1181 1577 Realencyklop'adie
1197 1535 1254 1577 111,
1274 1538 1286 1567 4
1319 1544 1355 1577 p.
1373 1538 1437 1568 280
1463 1545 1496 1568 n.
1517 1539 1547 1569 5.
1666 1538 1684 1568 3
1715 1535 1807 1568 Urbs

217 1600 310 1624 anno
342 1594 407 1622 432
435 1600 468 1633 p.
494 1591 574 1624 Chr.
607 1591 651 1623 ab
687 1592 866 1624 Hadriano
898 1593 1060 1633 Augusto
1098 1592 1245 1625 condita
1276 1592 1422 1626 Antinoi
1453 1593 1496 1635 (n.
1521 1595 1586 1626 700
1598 1593 1622 1634 1)
1658 1593 1806 1626 honoris

216 1657 337 1690 causa,
364 1657 474 1690 quem
499 1648 550 1680 ibi
576 1650 615 1680 ut
641 1648 749 1680 deum
778 1649 917 1680 cultum
943 1658 1022 1681 esse
1049 1658 1093 1682 ex
1116 1650 1177 1682 illo
1201 1650 1306 1683 titulo
1326 1651 1487 1692 apparet.
1530 1650 1578 1683 Cf.
1596 1650 1807 1684 R.Pietsch-

217 1715 328 1739 mann
352 1715 408 1748 ap.
435 1705 751 1747 Pauly-Wissowa
775 1706 1202 1749 Realencyklopadie1,2
1229 1716 1263 1749 p.
1282 1709 1372 1740 2442
1397 1717 1432 1740 n.
1450 1710 1481 1740 2.
1521 1703 1684 1742 Ἀντινόου
1709 1706 1808 1745 πόλις

217 1765 272 1807 est
296 1763 394 1805 apud
418 1763 667 1796 Ptolemaeum
692 1763 819 1805 Geogr.
833 1763 983 1806 1v‚5‚3o
1011 1766 1135 1805 p.7⁴8‚
1150 1766 1187 1797 4:
1218 1763 1285 1797 ἀπὸ
1311 1764 1348 1797 δὲ
1367 1763 1543 1798 ἀνατολῶν
1566 1767 1627 1798 τοῦ
1651 1766 1807 1809 ποταμοῦ

215 1820 319 1864 νομὸς
340 1816 542 1865 Ἀντινοΐτης
566 1819 625 1854 καὶ
652 1819 860 1865 μητρόπολις
886 1815 933 1853 ἐπ’
956 1819 1047 1865 αὐτῷ
1062 1816 1226 1854 Ἀντινόου
1250 1820 1360 1863 πόλις,
1386 1822 1451 1855 sed
1471 1822 1653 1856 brevioris
1670 1822 1808 1855 formae
1854 1851 1855 1855 ,

218 1887 329 1920 quam
347 1879 406 1911 hic
423 1878 602 1911 habemus
619 1879 726 1911 etiam
746 1878 844 1920 apud
861 1879 1058 1920 scriptores
1076 1878 1243 1920 exempla
1261 1881 1470 1921 occurrunt,
1489 1879 1594 1912 allata
1612 1889 1632 1912 a
1649 1880 1808 1912 Pietsch-
1852 1910 1858 1923 ,-

216 1945 351 1969 manno
379 1937 399 1969 l.
423 1937 444 1968 1.
471 1937 576 1969 haee:
613 1932 758 1970 Ἀντινοὺ
791 1936 919 1968 Chron.
945 1936 1104 1968 Paschal.
1130 1936 1155 1977 Ι,
1180 1937 1258 1968 475.
1298 1933 1465 1969 Antinou
1494 1937 1672 1969 Ammian.
1697 1937 1805 1970 Marc.

215 1992 325 2035 XXII,
346 1997 398 2035 46,
418 1996 448 2026 2.
489 1991 657 2026 Anterum
680 1994 758 2026 Itin.
777 1993 946 2026 Antonini
965 1995 1044 2035 467,
1062 1994 1093 2025 4.
1126 1988 1269 2026 Ἀντίνου
1295 1993 1443 2026 Pausan.
1462 1993 1597 2035 Perieg.
1615 1994 1704 2036 VIII,
1723 1997 1753 2036 9,
1774 1997 1805 2027 7.
1851 2029 1858 2045 Ι

215 2046 350 2084 Ἀντινῶ
383 2051 566 2082 Hierocles
593 2051 743 2092 Synecd.
776 2053 852 2092 730,
881 2054 911 2083 8.
966 2048 1106 2083 Antino
1143 2050 1279 2082 Tabula
1315 2050 1595 2092 peutingeriana.
1642 2048 1806 2095 Aminoy
1851 2048 1858 2081 Ξ

219 2107 347 2149 Geogr.
375 2107 461 2139 Rav.
488 2110 563 2149 423,
591 2110 620 2139 8.
663 2108 849 2149 Singulare
881 2109 936 2139 est
965 2107 1064 2148 quod
1090 2107 1209 2148 Steph.
1235 2107 1320 2148 ByZ.
1353 2106 1463 2139 habet
1485 2102 1672 2150 Ἀντινόεια,
1706 2106 1806 2145 πόλις
1844 2106 1846 2109 '

216 2162 405 2209 Αἰγύπτου,
432 2159 487 2196 ἀπ’
505 2159 671 2197 Ἀντινόου
690 2163 819 2200 παιδός.
845 2163 882 2196 τὸ
903 2162 1036 2197 ἐθνικὸν
1054 2159 1245 2199 Ἀντινοεύς.
1270 2161 1405 2208 ἐκλήθη
1431 2161 1453 2208 ἡ
1480 2162 1578 2201 πόλις
1593 2163 1651 2198 καὶ
1670 2159 1805 2210 Ἀδρια-

215 2220 386 2258 νούπολις.
426 2222 541 2253 Situm
568 2221 742 2262 oppidum
770 2222 806 2253 in
832 2221 997 2254 orientali
1021 2221 1091 2253 Nili
1116 2222 1195 2262 ripa
1220 2222 1255 2253 in
1281 2221 1446 2254 confiniis
1470 2221 1744 2264 Heptanomidis
1769 2224 1806 2255 et
1840 2234 1844 2239 ³

217 2278 420 2321 Thebaidis,
445 2280 487 2311 ut
512 2278 620 2310 modo
647 2278 732 2310 huic
757 2278 865 2310 modo
892 2279 943 2310 illi
967 2279 1103 2319 regioni
1129 2281 1391 2311 accenseretur.
1441 2280 1639 2312 Parietinae
1661 2280 1806 2312 exstant
1839 2271 1843 2312 J

216 2346 332 2379 prope
357 2336 574 2369 hodiernum
600 2332 732 2368 Scheclz
756 2333 888 2368 Abade.
1008 2337 1025 2366 4
1060 2336 1176 2368 Minus
1199 2338 1367 2369 accurate
1393 2337 1526 2369 dicitur
1549 2337 1610 2370 via
1634 2335 1805 2369 Hadriani
1835 2375 1837 2377 ¹

217 2403 238 2426 a
268 2394 438 2426 Berenice
469 2401 587 2434 usque
618 2392 663 2424 ad
694 2392 953 2434 Antinoupolin
987 2393 1086 2424 iuxta
1120 2393 1220 2425 littus
1259 2394 1370 2426 maris
1404 2393 1506 2426 rubri
1536 2394 1677 2426 munita
1705 2402 1806 2436 esse;
1838 2383 1839 2386 ¹

217 2459 302 2483 nam
338 2452 526 2492 postrema
563 2450 640 2482 eius
679 2459 763 2491 pars
795 2458 860 2491 per
895 2449 1053 2482 mediam
1085 2451 1220 2482 terram
1257 2460 1277 2482 a
1309 2451 1401 2483 mari
1437 2452 1482 2484 ad
1514 2451 1636 2484 Nilum
1667 2451 1753 2493 (not.
1773 2452 1804 2493 3)

217 2506 385 2540 ducebat.
434 2507 551 2540 Etiam
577 2506 663 2539 illud
691 2505 744 2540 διὰ
768 2505 881 2539 τόπων
898 2524 944 2530 -
961 2504 1101 2550 ὁμαλῶν
1128 2516 1193 2548 pro
1221 2510 1349 2540 natura
1374 2509 1563 2550 regionum
1587 2517 1659 2542 non
1682 2509 1804 2551 potest

217 2565 261 2597 de
294 2566 371 2597 tota
403 2566 463 2597 via
493 2565 621 2607 accipi,
653 2564 716 2597 sed
749 2573 830 2596 eam
864 2563 974 2596 modo
1008 2565 1148 2605 partem
1182 2565 1324 2606 attingit
1354 2574 1447 2607 quae
1476 2567 1512 2598 in
1544 2566 1667 2598 littore
1691 2566 1803 2598 maris
1832 2556 1838 2603 s

217 2624 304 2656 erat.
353 2623 523 2655 Ceterum
546 2619 713 2667 Ἐρυθρὰν
739 2620 913 2655 θάλασσαν
938 2621 998 2654 hic
1022 2624 1063 2654 ut
1087 2622 1173 2654 alibi
1199 2622 1253 2660 (cf.
1280 2632 1313 2654 n.
1332 2621 1407 2655 696.
1427 2622 1540 2663 49948)
1572 2623 1692 2655 sinum
1717 2623 1804 2656 Ara-⁴
1828 2651 1830 2655 .

217 2680 343 2713 hicum
375 2689 455 2713 esse
479 2680 542 2713 vix
573 2681 629 2712 est
659 2679 757 2722 quod
788 2688 970 2712 moneam.
1104 2682 1122 2711 5
1154 2679 1251 2711 Voce
1276 2677 1467 2723 ὑδρεύματα
1491 2681 1527 2712 et
1555 2680 1635 2713 loca
1658 2680 1827 2727 littoris„

216 2738 281 2770 ubi
307 2738 662 2780 praeternavigantes
683 2737 870 2779 appellunt
894 2736 1051 2779 aquandi
1068 2745 1187 2778 causa,
1213 2738 1250 2768 et
1273 2738 1402 2778 puteos
1425 2737 1684 2780 cisternasque,
1710 2745 1824 2780 quae

218 2796 254 2827 in
277 2795 469 2828 itineribus
494 2804 560 2838 per
576 2795 761 2828 desertum
786 2794 958 2828 faciendis
983 2794 1099 2826 eidem
1117 2794 1200 2826 usui
1224 2794 1437 2836 inserviunt,
1462 2794 1656 2836 significari
1680 2793 1826 2842 monet?-

218 2853 349 2886 editor.
389 2854 429 2885 In
453 2853 523 2886 illis
548 2853 757 2895 regionibus
782 2853 874 2885 mari
898 2851 1010 2885 rubro
1035 2851 1252 2894 propinquis
1270 2852 1440 2884 novimus
1466 2849 1618 2896 ὕδρευμα
1632 2846 1823 2896 Τραϊανόν,

219 2910 275 2951 (cf.
302 2920 336 2943 n.
356 2910 466 2953 6783).
