1858 3126
162 152 247 193 668

880 149 1031 184 Indices.

161 286 402 334 θυγατριδοῦς·
441 286 636 335 θυγατριδῷ
662 288 740 330 713,
767 295 797 320 7.
848 297 921 322 acc.
995 287 1169 333 ἱεροίομαι·
1208 286 1425 334 ἱερασοίμενον
1458 288 1536 332 540,
1563 294 1615 323 12.
1661 287 1751 334 ἱερα-

207 344 393 391 θυγατριδῆ
424 344 463 378 δὲ
485 347 549 389 τῆς
573 343 781 391 εὐεργέτιδος
803 340 922 379 Ἀντω-

207 401 281 440 νίας
306 402 383 445 377,
404 410 420 435 5
452 402 507 444 (cf.
533 404 607 436 not.
626 402 670 444 4).
710 401 773 447 τὴν
798 401 921 435 ἑαυτοῦ

207 459 379 506 θυγατέρα
402 477 448 483 -
471 458 531 492 καὶ
555 458 739 504 ὁμώνυμον
764 457 923 505 θυγατρι-

209 517 288 551 δοῦν
325 515 359 555 ἐξ
394 515 516 560 ἀνδρὸς
546 515 778 563 πρωτεύοντος
811 513 846 548 ἐν
878 515 921 564 τῇ

209 573 422 620 μητροπόλει
445 570 603 619 Ἀμασείᾳ
627 574 705 616 529,
724 579 765 607 23

161 630 273 677 θῦμα’
313 629 586 678 παρασχομένων
626 635 694 663 τῶν
735 628 921 677 φυλάρχων

207 688 346 734 θύματα
371 689 449 731 332,
469 695 510 721 40

161 744 348 791 θυμελικὸς
372 745 464 791 ἀγών
490 746 567 788 329,
586 750 641 778 42.
667 744 745 787 566,
765 750 818 778 22.
861 742 922 778 θυ-

208 803 342 847 μελικοὶ
359 801 487 848 ἀγῶνες
507 803 586 845 437,
602 808 655 836 28.
682 801 761 843 456,
777 808 807 834 7.
850 799 923 846 ἱερὰ

206 858 378 905 θυμελικὴ
408 859 466 893 καὶ
496 858 636 903 ξυστικὴ
671 856 810 895 σύνοδος
843 857 922 900 713,

211 923 242 950 2.
262 924 279 950 9

159 972 319 1018 θυμιάω·
370 973 498 1018 θυμιᾶν
545 973 604 1008 καὶ
650 972 736 1018 δᾷδα
778 970 920 1005 ἱστάνειν

208 1031 286 1074 352,
308 1038 347 1064 37

158 1087 248 1133 θύρα
271 1089 350 1131 426,
371 1096 402 1121 5.
444 1086 544 1134 θύραι
568 1087 646 1130 510,
666 1094 696 1120 s.
724 1086 800 1128 599,
821 1093 838 1119 3

158 1142 304 1191 θύρωμα
339 1145 415 1187 193,
437 1151 488 1178 10.
521 1145 598 1187 300,
619 1150 647 1177 2.
680 1143 758 1186 734,
778 1149 808 1176 4.
860 1140 921 1176 θυ-

207 1204 349 1248 ρώματα
373 1201 451 1245 423,
471 1208 502 1234 4.
527 1201 606 1244 426,
627 1207 643 1234 6

160 1258 260 1293 θυσία
278 1258 427 1303 passim

158 1315 326 1355 θυσιάζω·
363 1314 524 1351 θυσιάσαι
550 1315 626 1359 199,
647 1322 700 1350 36.
748 1313 919 1353 θυσιάζων

206 1372 291 1418 ὑπὲρ
315 1376 375 1406 τοῦ
401 1372 514 1419 δήμου
541 1373 618 1416 339,
639 1379 678 1407 36

161 1428 235 1464 θύω
254 1430 402 1475 passim

157 1485 359 1533 θωρακίζω·
383 1486 522 1533 ἄγαλμα
545 1486 745 1534 πεντάπηχυ
765 1484 919 1530 τεθωρα-

204 1543 364 1589 κισμένον
392 1544 468 1587 332,
489 1552 505 1578 7

160 1656 271 1704 ἰατρός
296 1659 373 1701 220,
394 1666 424 1692 5.
450 1659 527 1701 690,
547 1665 578 1691 4.
618 1657 676 1691 τὸν
700 1676 747 1681 -
772 1656 827 1691 ἐπὶ
849 1661 917 1690 τῶν

205 1714 328 1762 ἰατρῶν
356 1716 432 1759 104,
453 1722 482 1749 3.
533 1714 647 1760 ἰατρὸς
671 1713 840 1760 λεγεῶνος
866 1705 920 1760 βτί

205 1773 283 1816 207,
302 1779 320 1806 2

160 1827 319 1869 ἰδιόξενος
343 1830 422 1873 242,
442 1837 459 1863 4

156 1884 261 1924 ἴδιος·
307 1886 349 1920 ἐκ
387 1891 456 1920 τῶν
499 1885 591 1920 ἰδίων
634 1884 918 1930 perfrequenter.

205 1941 239 1982 ἐξ
258 1942 349 1976 ἰδίων
368 1944 487 1987 610,6.
509 1944 626 1986 631,8.
653 1944 771 1986 634,3.
798 1943 918 1986 642,1.

204 2000 283 2042 646,
303 2007 332 2033 7.
379 2000 419 2033 ἐκ
442 2003 502 2033 τοῦ
530 1999 614 2033 ἰδίου
640 2000 719 2043 476,
735 2007 765 2033 6.
792 1999 870 2042 583,
887 2006 916 2033 6.

203 2057 320 2100 704,5.
349 2058 468 2100 710,4.
494 2057 639 2099 764,47.
658 2064 710 2090 54.
744 2058 845 2103 κοινῇ
863 2056 919 2090 καὶ

205 2112 282 2158 ἰδίᾳ,
308 2113 480 2161 ’κοινῇκαὶ
503 2110 572 2146 κατ’
595 2112 680 2147 ἰδίαν
701 2112 919 2157 passim.—

201 2169 286 2207 ἴδιος
304 2169 420 2216 λόγος·
444 2169 487 2203 τὰ
504 2169 538 2203 ἐν
558 2169 629 2215 ἰδίῳ
648 2169 740 2215 λόγῳ
766 2170 843 2213 665,
864 2177 917 2204 74.
938 2194 941 2197 ⁴

202 2226 278 2271 περὶ
314 2232 382 2260 τῶν
413 2226 447 2260 ἐν
478 2225 551 2271 ἰδίῳ
583 2225 676 2272 λόγῳ
709 2227 918 2273 πραγμάτων

202 2283 280 2327 669,
293 2291 346 2317 38.
376 2288 444 2318 τῶν
463 2282 498 2317 ἐν
519 2283 593 2328 ἰδίῳ
607 2283 698 2329 λόγῳ
715 2284 916 2329 κατηγόρων

203 2341 280 2384 669,
291 2348 401 2375 41.—
414 2339 431 2374 ὁ
445 2340 529 2386 πρὸς
541 2341 593 2386 τῷ
605 2339 678 2386 ἰδίῳ
692 2340 784 2387 λόγῳ
800 2341 917 2384 188,2.

204 2397 281 2440 189,
301 2404 330 2431 2.
375 2398 433 2431 τὸν
463 2398 624 2443 γνώμονα
654 2400 715 2431 τοῦ
748 2397 834 2431 ἰδίου
860 2397 918 2431 λό-

201 2466 263 2500 γου
290 2455 367 2497 669,
388 2461 442 2488 44.
490 2453 555 2487 ὑπὸ
580 2457 639 2488 τοῦ
665 2454 748 2500 πρὸς
771 2455 821 2499 τῷ
843 2453 916 2499 ἰδίῳ

200 2510 291 2556 λόγῳ
316 2509 521 2557 τεταγμένου
557 2511 634 2554 669,
656 2518 708 2544 39.
757 2508 916 2555 Μαξίμου

201 2566 379 2602 Στατιλίου
407 2566 491 2601 ἰδίου
516 2567 619 2614 λόγου
645 2568 723 2610 408,
743 2575 759 2601 4

158 2624 295 2671 ἰδιώτης
321 2625 399 2668 609,
420 2631 472 2658 12.
519 2623 649 2658 ἰδιῶται
676 2625 731 2667 90,
752 2630 805 2658 52.
837 2624 915 2668 383,

205 2689 281 2716 189.
306 2683 385 2726 483,
406 2689 459 2716 71.
485 2682 562 2726 669,
583 2687 637 2715 27.
657 2688 696 2715 53

155 2739 339 2777 ἰδιωτικός·
374 2738 552 2777 κινδύνους
574 2758 621 2764 -
650 2738 709 2773 καὶ
737 2738 815 2777 τοὺς
845 2750 918 2772 κοι-

199 2796 279 2834 νοὺς
313 2796 372 2830 καὶ
407 2796 487 2834 τοὺς
526 2795 718 2834 ἰδιωτικούς
753 2796 831 2839 441,
864 2803 916 2830 10.

203 2852 356 2887 ἰδιωτικά
382 2854 459 2897 329,
483 2861 523 2887 10

162 2908 277 2954 ἱδρύω,
306 2909 464 2956 ἱδρύομαι
482 2910 628 2955 passim

1040 343 1191 390 σαμένην
1227 363 1270 370 -
1304 348 1367 392 τῆς
1405 344 1524 391 κυρίας
1563 341 1751 391 Ἀρτέμιδος

1040 402 1118 446 263,
1130 409 1159 436 4.
1203 400 1430 448 ἱερασαμένην
1448 401 1592 442 ἐνδόξως
1613 402 1674 437 ’καὶ
1690 414 1751 448 με·

1038 457 1263 505 γαλοπρεπῶς
1300 459 1378 503 513,
1403 466 1456 494 11.
1513 457 1676 494 Γαλατῶν
1710 460 1750 494 τὸ

1038 515 1152 550 κοινὸν
1167 514 1386 561 ἱερασάμενον
1399 515 1469 563 θεῷ
1479 514 1640 563 Σεβαστῷ
1649 517 1748 561 533,2

994 571 1139 618 ἱερατεία
1163 573 1219 616 90,
1240 580 1279 607 52

994 629 1173 675 ἱερατεύω·
1210 630 1295 676 πρὸς
1329 633 1402 668 τοῖς
1436 629 1554 669 ἄλλοις
1591 630 1750 676 ὀνόμασιν

1038 692 1105 720 τῶν
1142 686 1231 722 θεῶν
1269 688 1315 721 ὧν
1353 686 1578 733 ἱερατεύουσιν
1614 688 1671 732 90,
1697 695 1749 723 51.

1041 743 1272 790 ἱερατεύοντος
1320 745 1398 789 530,
1421 753 1450 779 5.
1515 744 1752 790 ἱερατεύσαντα

1040 802 1117 845 556,
1137 810 1166 836 8.
1215 805 1287 840 τοῖς
1315 801 1543 848 ἱερητεύσασιν
1576 802 1654 846 218,
1674 807 1749 837 120.

1040 858 1233 903 ἱερατεύσας
1256 870 1294 892 τε
1319 858 1369 896 δὶς
1389 856 1562 904 Καίσαρος
1584 862 1651 892 τοῦ
1668 857 1750 894 θεοῦ

1039 916 1117 958 767,
1138 923 1167 949 5.
1207 921 1275 949 τῶν
1305 915 1551 962 ἱερητευκότων
1574 916 1654 959 218,
1674 922 1750 950 121.

1041 970 1235 1018 ἱερατεύσας
1282 975 1342 1006 τοῦ
1389 971 1636 1017 πολιτεύματος
1681 977 1750 1006 τῶν

1039 1027 1182 1076 Φρυγῶν
1205 1029 1324 1073 658,2.
1370 1029 1608 1075 ἱερητευούσης
1631 1029 1749 1073 299,5.

1041 1085 1279 1133 ἰερητεύσασαν
1305 1086 1383 1130 299,
1403 1093 1420 1120 3

995 1143 1099 1191 ἱέρεια
1121 1142 1269 1188 passim

994 1199 1114 1246 ἱερεῖον
1146 1200 1303 1245 passim.
1354 1201 1459 1247 ἱερεῖα
1497 1199 1673 1243 (viot‘bmae
1706 1199 1752 1236 in·

1037 1257 1260 1301 universum)
1289 1259 1342 1302 11,
1362 1265 1415 1293 28.
1441 1258 1538 1301 (oves)
1564 1258 1642 1301 214,
1661 1264 1702 1292 62

994 1313 1100 1361 ἱερεύς
1119 1315 1276 1359 passim.
1325 1316 1374 1349 Cf.
1399 1317 1510 1350 etiam
1534 1315 1607 1349 ind.
1624 1315 1682 1348 111.

993 1370 1129 1419 ίερεύω·
1156 1371 1292 1418 ἱερεύειν
1318 1372 1397 1417 212,
1417 1379 1455 1407 14

993 1428 1177 1475 ἱερεωσύνη
1196 1431 1315 1473 56,23.
1333 1430 1476 1474 331,19.
1491 1436 1544 1464 33.
1560 1436 1613 1464 37.
1653 1428 1749 1475 ἱερω-

1038 1485 1120 1531 σύνη
1147 1487 1224 1530 383,
1245 1493 1309 1521 152

993 1542 1157 1589 ἱερητεύω
1181 1554 1215 1577 v.
1244 1543 1404 1589 ἱερατεύω

992 1600 1276 1647 ἱερογραμματεῖς
1301 1602 1356 1645 56,
1377 1608 1406 1635 4.
1426 1608 1480 1636 69.
1505 1601 1560 1644 90,
1580 1607 1596 1633 7

991 1657 1185 1703 ἱερόδουλος
1209 1658 1288 1701 203,
1309 1666 1337 1693 1.
1379 1656 1568 1703 ἱερόδουλοι
1590 1657 1668 1700 383,
1684 1664 1746 1692 174

993 1713 1178 1761 ἱεροθέσιον
1212 1715 1290 1758 383,
1310 1722 1364 1750 30.
1396 1715 1476 1759 403,
1497 1722 1527 1749 1.
1574 1713 1747 1759 ἱεροθεσίῳ

1037 1773 1193 1818 σώματος
1224 1770 1310 1817 ἐμοῦ
1340 1773 1418 1816 383,
1444 1778 1520 1806 126.
1572 1769 1747 1817 ἱεροθεσίῳ

1035 1829 1144 1874 τούτῳ
1170 1828 1463 1876 προσκαρτερείτω
1489 1828 1567 1872 383,
1588 1835 1650 1862 130

993 1885 1172 1932 ἱεροσιῆρυξ
1198 1887 1275 1930 332,
1293 1894 1332 1920 43

993 1942 1168 1990 ἱερομηνία
1193 1944 1273 1987 262,
1292 1949 1334 1976 20

992 2000 1326 2045 ἱερομναμονούντων
1355 1999 1434 2042 234,
1453 2005 1470 2032 2

992 2056 1234 2103 ἱερομνάμονες
1258 2057 1337 2099 234,
1357 2063 1396 2091 1ο

991 2114 1159 2162 ἱερονίκης
1183 2113 1260 2156 472,
1281 2121 1311 2147 4.
1351 2112 1432 2151 τοὺς
1458 2111 1624 2157 ἱερονίκας
1649 2111 1748 2160 ἔχον-

1034 2183 1094 2208 τας
1116 2169 1196 2208 τοὺς
1219 2170 1287 2204 ἀπὸ
1311 2175 1378 2204 τῶν
1396 2169 1536 2216 ἀγώνων
1561 2169 1748 2214 στεφάνους

1036 2227 1113 2271 332,
1126 2234 1178 2261 34.
1211 2226 1372 2273 πρόξενος
1388 2231 1456 2260 τῶν
1476 2225 1544 2260 ἀπὸ
1559 2230 1622 2273 τῆς
1634 2225 1748 2261 οἰκου-

1036 2284 1142 2329 μένης
1170 2284 1363 2331 ἱερονεικῶν
1388 2284 1467 2327 494,
1489 2291 1528 2318 13

991 2340 1163 2386 ἱερονόμοι
1187 2340 1221 2374 ἐν
1246 2336 1367 2386 Ἐλαίᾳ
1397 2341 1475 2384 332,
1495 2347 1549 2374 21.
1599 2339 1634 2374 ἐν
1658 2338 1746 2385 Ἰλίῳ

1035 2397 1114 2441 212,
1134 2404 1188 2432 24.
1214 2398 1291 2441 219,
1311 2404 1363 2432 20.
1385 2404 1424 2432 29

991 2453 1186 2500 ἱεροποιέω·
1223 2454 1285 2489 ὄτα
1308 2467 1349 2489 ’κε
1382 2454 1404 2488 ἀ
1436 2453 1536 2492 πόλις
1565 2453 1746 2500 ἰροπόηται
1819 2443 1826 2463 ³

1035 2512 1067 2555 4,
1088 2519 1128 2546 33

990 2568 1154 2614 ἱεροποιοὶ
1167 2567 1343 2614 Πριηνέων
1359 2569 1474 2612 11,25.
1507 2566 1624 2612 Τηΐων
1637 2567 1742 2610 309,6

990 2624 1077 2669 ἱερός
1112 2624 1269 2669 passim.
1334 2625 1423 2670 ἱεροῦ
1470 2623 1588 2658 πώλου
1619 2616 1745 2661 Ἴσιδος

1035 2682 1153 2725 739,8.
1186 2685 1245 2716 τοῦ
1264 2682 1354 2727 ἱεροῦ
1371 2679 1575 2727 πραιτωρίου
1599 2679 1744 2721 640,17.
1813 2675 1820 2734 ᾗ

1035 2739 1113 2782 723,
1130 2746 1159 2773 8.
1202 2738 1275 2785 ἱερὰ
1292 2737 1478 2782 σύνκλητος
1502 2738 1580 2780 625,
1595 2744 1627 2770 5.
1665 2734 1745 2773 τοὺς

1036 2795 1147 2840 ἱεροὺς
1172 2795 1297 2842 φόρους
1326 2795 1471 2838 565,18.
1515 2797 1580 2839 τῆς
1606 2791 1744 2839 ἱερωτά-

1033 2865 1096 2897 της
1122 2852 1312 2898 συνκλήτου
1338 2851 1416 2894 514,
1437 2859 1465 2884 5.
1505 2850 1543 2884 τὸ
1564 2849 1744 2896 ἱερώτατον

1033 2913 1174 2954 ταμεῖον
1194 2910 1271 2953 515,
1289 2915 1342 2943 26.
1363 2908 1584 2950 35.‘565,17.
1615 2903 1743 2952 χωρίον
