1858 3126
172 181 255 222 460
351 179 439 212 VIII.
478 180 623 221 Imperii
647 179 798 211 Romani
822 179 1032 221 provinciae
1058 179 1260 212 orientales.
1310 181 1341 212 9.
1365 180 1564 222 Aegyptus.
1629 179 1678 222 [⁷⁴
1689 182 1757 212 8-

171 318 338 350 oneratas
363 315 427 358 ita,
458 318 500 350 ut
522 314 686 350 subirent
716 315 909 350 obelis-own
933 316 1147 360 pendentem
1178 315 1460 351 extremitatibus
1488 315 1569 351 swis
1591 315 1635 350 in
1657 315 1756 362 ripis

172 372 370 416 utrimque;
402 375 528 417 postea
551 373 675 418 eyes-tis
699 372 882 408 laterezdis
904 373 1084 408 adlevatas
1108 384 1217 408 naves
1240 373 1415 418 ezcepisse
1437 385 1547 417 ona-93
1579 375 1756 409 statutum

171 433 294 464 autem
317 429 362 464 in
384 441 445 464 sese
468 429 553 465 talis
577 441 595 464 e
618 433 738 465 ‘monte
769 430 897 474 eodem,
931 434 963 465 et
992 430 1172 475 artificem
1203 431 1378 466 donatwm
1406 430 1551 467 talentis
1574 430 1756 476 quinquae

168 487 276 532 yvinta
294 513 302 521 .
319 486 381 522 hie
396 487 470 531 fuit
485 487 529 522 in
545 487 722 523 Arsinoeo
733 487 877 532 positus
900 499 925 523 a
939 499 1018 533 reye
1033 499 1148 533 supra
1172 488 1264 523 dieto
1280 499 1418 524 munus
1441 487 1581 524 amoris
1603 487 1649 523 in
1671 499 1754 523 οων

169 544 253 588 iuqe
282 545 473 589 eademque
504 556 624 580 sorore
656 544 823 580 Arsinoe.
870 547 960 580 Cum
987 556 1114 579 omnes
1150 547 1279 589 reliqui
1309 547 1469 590 obelisci,
1503 555 1596 590 quos
1619 547 1754 580 Plinius

169 605 367 645 enumerat,
395 605 548 636 aetatem
568 604 726 646 tulerint,
752 605 848 637 hunc
873 605 1037 637 omnium
1059 604 1455 645 magnificentissimum
1480 613 1598 646 neque
1613 606 1756 637 exstare

170 669 287 701 neque
318 669 474 702 usquam
512 661 556 693 de
587 662 664 694 eius
696 662 844 694 interitu
874 662 1073 703 quicquam
1107 662 1281 694 traditum
1316 670 1396 695 esse
1420 662 1575 695 miratur
1598 660 1756 703 Mahaffy

169 718 326 760 ideoque
352 720 557 760 suspicatus
583 720 639 751 est
662 720 754 752 banc
782 719 988 752 columnam
1013 728 1057 751 ex
1082 728 1125 751 eo
1153 719 1283 751 factam
1315 728 1406 762 esse,
1438 728 1592 762 eamque
1617 719 1755 762 opinio-

169 784 250 807 nem
269 776 385 817 ipsius
403 777 630 808 monumenti
650 776 862 809 condicione
879 778 1046 810 accurate
1063 778 1267 809 examinata
1292 777 1542 810 confirmatam
1567 785 1648 809 esse
1670 785 1755 818 pro-

169 831 286 865 fessus
311 834 376 865 est.
418 833 552 865 Verum
571 834 757 867 enimvero
775 835 937 876 reliquos
964 834 1143 866 obeliscos
1162 835 1262 866 Plinii
1287 836 1524 867 conservatos
1542 842 1632 876 esse,
1657 833 1755 866 hunc

168 898 283 921 unum
318 890 543 923 intercidisse
581 900 652 923 non
686 892 800 932 magis
834 892 967 923 mirum
997 893 1061 924 aut
1092 891 1304 923 incredibile
1329 893 1394 932 est,
1425 900 1535 933 quam
1567 891 1659 924 forte
1683 890 1755 923 for-

169 948 256 979 tuna
281 947 416 980 nullam
443 948 488 980 ad
513 950 675 981 nostram
700 950 853 981 aetatem
882 949 1090 990 pervenisse
1125 949 1350 981 memoriam.
1397 948 1524 990 Neque
1556 948 1592 980 id
1620 948 1754 981 nullius

171 1005 345 1036 momenti
371 1013 451 1037 esse
475 1006 761 1048 exstimaverim,
787 1006 887 1047 quod
912 1006 1048 1038 Plinius
1073 998 1109 1038 ‘in
1134 1006 1308 1040 Arsinoeo
1341 1005 1483 1039 fuisse
1511 1005 1600 1038 dicit
1623 1004 1754 1038 obelis-

168 1070 266 1104 cum,
299 1071 371 1094 non
404 1071 514 1095 esse.
563 1064 688 1104 Ipsum
715 1065 994 1095 monumentum
1020 1072 1108 1095 vero
1133 1063 1294 1096 Flinders
1319 1063 1446 1105 Petrie,
1475 1071 1560 1095 cum
1583 1062 1754 1104 Mahaffyi

168 1120 512 1152 commentationem
547 1129 656 1152 manu
687 1122 835 1162 teneret,
871 1120 1061 1162 diligenter
1093 1122 1343 1162 perscrutatus
1379 1121 1435 1153 est
1467 1120 1665 1162 docuitque
1693 1127 1754 1152 eo-

167 1175 330 1208 lumnam
355 1185 472 1218 neque
504 1185 546 1208 ex
579 1176 738 1209 obelisco
776 1178 812 1209 in
846 1178 938 1210 hanc
968 1177 1122 1210 formam
1155 1179 1332 1210 mutatam
1359 1186 1476 1220 neque
1501 1176 1645 1210 aliunde
1668 1176 1754 1209 illue

168 1233 380 1265 translatam
397 1242 488 1274 esse,
509 1233 572 1266 sed
591 1234 787 1275 pristinum
806 1234 929 1267 locum
947 1236 1080 1276 tenere,
1107 1235 1142 1266 in
1159 1243 1232 1276 quo
1256 1236 1377 1267 tamen
1402 1243 1475 1267 non
1498 1235 1580 1267 ante
1603 1234 1753 1266 tertium

168 1298 202 1331 p.
222 1290 303 1323 Chr.
323 1299 354 1323 n.
382 1291 568 1323 saeculum
599 1293 719 1324 erecta
743 1300 823 1324 esse
857 1293 993 1334 posset.
1042 1293 1166 1333 Itaque
1191 1293 1331 1324 certum
1355 1291 1512 1334 videtur,
1538 1291 1607 1324 hoc
1630 1292 1752 1324 totum
1780 1320 1790 1327 .

169 1356 264 1389 opus
289 1349 418 1381 aetatis
443 1349 686 1381 Diocletianae
712 1357 801 1382 esse.

255 1574 342 1617 719
385 1579 506 1630 Lapis
533 1589 754 1618 arenaceus
792 1580 981 1619 inventus
1008 1579 1133 1618 Philis
1158 1591 1289 1632 prope
1317 1590 1481 1619 murum
1506 1579 1750 1630 Romanum,

165 1647 385 1685 translatus
416 1646 658 1685 Londinium
694 1647 735 1685 in
766 1659 953 1686 museum
983 1649 1272 1688 Britannicum.
1325 1647 1424 1687 Edd.
1457 1646 1503 1687 G.
1526 1646 1652 1686 Ebers
1683 1658 1748 1699 ap.

165 1714 387 1766 Baedeker,
408 1715 619 1767 Aegypten
644 1713 750 1754 4875
774 1728 812 1767 p.
834 1716 928 1754 302.
966 1716 1190 1769 Eisenlohr,
1212 1717 1422 1756 Baedeker
1441 1715 1751 1768 Oberaegypten

169 1783 276 1822 4894
310 1797 348 1836 p.
374 1784 456 1823 329
479 1787 560 1823 not.
613 1784 674 1822 Ex
704 1795 778 1823 suo
810 1784 1051 1836 apographo
1084 1786 1284 1836 Seymour
1305 1786 1356 1825 de
1376 1786 1485 1824 Ricci
1512 1784 1664 1824 Archiv
1684 1784 1750 1824 fiir

165 1852 578 1904 Papyrusforschung
606 1853 641 1891 II
670 1865 710 1905 p.
737 1853 810 1892 45⁴
849 1865 888 1892 n.
913 1853 979 1892 93.
1467 1838 1472 1843 ⁵

281 1963 532 2021 [Οὐαλέριον]
564 1964 877 2021 Διοκλητιανὸν1
898 1963 1111 2022 [Σεβαστὸν
1146 1964 1150 2020 Ι
1183 1962 1251 2006 καὶ
1277 1962 1512 2020 Οόαλ]έριον
1534 1962 1748 2006 Κωνστάν-

280 2034 375 2087 τῐ[ον
406 2058 577 2064 -------
578 2035 590 2087 ]

260 2162 271 2190 l
307 2158 431 2200 Neque
457 2160 699 2201 antiquiorem
725 2168 804 2192 esse
829 2161 976 2192 titulum
1005 2160 1163 2192 calendis
1187 2160 1324 2193 Martiis
1349 2169 1380 2192 a.
1398 2162 1463 2192 293
1489 2168 1525 2202 p.
1543 2159 1636 2202 Chr„
1659 2159 1748 2201 -qui-

164 2216 234 2248 bus
271 2216 433 2248 Galerius
476 2219 510 2248 et
549 2217 779 2249 Constantius
819 2217 989 2250 Caesares
1025 2217 1195 2259 appellati
1236 2218 1318 2259 sint,
1356 2225 1474 2259 neque
1509 2216 1748 2249 recentiorem

163 2274 322 2306 calendis
354 2274 454 2306 Maiis
480 2283 510 2306 a.
540 2276 602 2305 305
629 2283 662 2315 p.
682 2274 774 2315 Chr.,
812 2275 947 2316 quibus
983 2275 1228 2308 Diocletianus
1265 2275 1419 2317 imperio
1444 2283 1484 2307 se
1513 2273 1746 2315 abdicaverit,

164 2332 325 2372 apparet.
375 2331 544 2363 Ceterum
581 2333 621 2362 ut
651 2332 687 2362 in
717 2340 755 2362 re
786 2331 1026 2365 incertissima
1058 2332 1212 2374 repetivi
1245 2333 1353 2364 Riccii
1386 2332 1649 2374 supplementa,
1679 2331 1747 2364 etsi

164 2390 248 2420 sunt
284 2396 378 2429 quae
412 2387 568 2429 lapidem
603 2388 718 2420 multo
755 2388 918 2420 latiorem
957 2389 1068 2422 fuisse
1103 2389 1261 2422 indicare
1301 2389 1502 2431 videantur,
1543 2396 1654 2431 quam
1687 2388 1747 2421 ine

163 2445 372 2486 sumpserit.
422 2445 563 2477 Etenim
594 2454 678 2477 eum
712 2454 777 2486 per
806 2447 925 2477 totum
950 2447 1163 2479 Diocletiani
1195 2448 1440 2489 principatum
1471 2447 1614 2479 constet
1635 2445 1747 2479 Maxi·
1802 2453 1823 2471 ὑ

163 2502 325 2534 mianum
351 2503 386 2533 et
410 2503 644 2543 superstitem
670 2502 781 2535 fuisse
806 2504 841 2534 et
866 2511 936 2534 una
962 2512 1048 2535 eum
1074 2504 1135 2535 illo
1154 2505 1362 2546 imperasse,
1387 2504 1466 2536 eius
1483 2512 1618 2536 nomen
1641 2511 1746 2544 aegre
1806 2538 1812 2543 ‚

162 2559 221 2591 bic
251 2558 445 2591 desideres.
500 2559 593 2591 Eum
619 2560 701 2600 post
726 2559 975 2591 Constantium
1012 2559 1160 2592 demum
1191 2562 1520 2593 commemoratum
1550 2560 1662 2593 fuisse
1692 2560 1746 2592 in·
1807 2551 1811 2592 Ῐ

163 2615 335 2648 credibile
367 2617 423 2648 est
457 2618 605 2658 propter
637 2617 763 2649 aetatis
797 2618 832 2648 et
863 2616 1047 2657 dignitatis
1080 2617 1254 2658 ordinem,
1288 2618 1351 2650 sed
1375 2626 1449 2649 non
1473 2617 1684 2649 credibilius
1708 2617 1746 2649 in
1809 2631 1812 2644 ι

163 2674 399 2706 monumento
432 2674 594 2706 orientali
623 2673 827 2714 Augustum
859 2674 922 2715 qui
952 2673 1081 2706 orienti
1106 2675 1290 2715 praeesset
1313 2683 1386 2706 una
1410 2682 1493 2706 cum
1519 2682 1562 2706 eo
1587 2681 1631 2705 ex
1656 2673 1745 2705 duo-
1804 2665 1813 2687 Ὗ

163 2729 232 2762 bus
264 2730 489 2773 Caesaribus,
527 2731 631 2764 cuius
656 2731 848 2773 imperium
888 2730 931 2763 ad
969 2731 1191 2763 occidentem
1227 2732 1419 2772 spectaret,
1456 2731 1744 2772 repraesentatos
1807 2770 1813 2780 ,

162 2787 283 2820 fuisse.
333 2788 400 2820 Sed
426 2790 467 2821 ut
492 2790 588 2821 certa
614 2789 752 2821 ratione
777 2789 812 2821 in
837 2788 1016 2829 integrum
1043 2788 1256 2820 restituatur
1281 2788 1408 2820 titulus
1432 2787 1508 2820 fieri
1541 2795 1648 2829 posse
1672 2795 1744 2820 non

163 2844 319 2878 videtur.

1845 1704 1858 1749 »4.Αὲ
1846 1653 1858 1697 ΨΑ»
1848 1574 1858 1645 ..ι’-τα
1851 1471 1858 1568 ι-,....,Δ
1856 1451 1858 1453 .
