1858 3126
219 143 302 184 550
766 138 939 172 Addenda
963 141 999 171 et
1023 139 1250 181 Corrigenda.

309 276 463 310 dubium
489 285 569 310 esse
585 277 675 319 quin
693 277 898 310 Preuschen
913 277 1124 310 Mouchtum
1140 277 1216 310 und
1233 277 1457 320 Serapiskult
1474 280 1562 310 4903
1588 286 1623 320 p.
1638 280 1681 310 36
1706 279 1803 311 recte

308 335 475 368 homines
499 335 757 377 interpretatus
782 336 877 367 esset
893 343 1054 376 quorum
1071 343 1174 367 mens
1195 335 1319 368 divino
1343 335 1503 377 quodam
1527 335 1675 368 numine
1699 337 1804 378 capta

310 401 352 425 ac
376 393 481 434 quasi
506 400 676 434 possessa
700 394 798 425 esset
825 389 1046 434 (Besessene).

217 450 253 482 P.
274 451 338 483 445
370 459 404 482 n.
423 452 488 482 268
519 451 593 482 not.
612 453 643 482 9.
691 450 829 482 Iniuria
859 449 1032 482 Boeckhii
1062 449 1353 482 emendationem
1386 459 1406 483 a
1436 459 1495 482 me
1526 451 1686 492 spretam
1722 458 1803 483 esse

310 507 435 540 docuit
464 507 628 540 Wilcken
651 507 785 539 Archiv
809 506 869 539 fiir
892 506 1254 549 Papyrusforschung
1279 507 1325 539 111
1349 515 1384 549 p.
1405 509 1482 540 335.
1523 507 1666 540 Etenim
1689 506 1804 552 προΐε-

311 561 391 598 σθαι
415 564 459 597 de
484 564 734 606 persolvendis
758 564 924 606 pecuniis
948 564 985 597 in
1010 565 1160 606 papyris
1179 564 1411 606 Aegyptiacis
1434 564 1518 606 plus
1542 564 1655 597 semel
1679 572 1806 597 occur-

310 631 401 664 rere,
427 624 469 654 ut
492 623 571 664 ipse
597 622 830 655 observasset
853 622 1009 663 Gotting.
1027 622 1099 654 Gel.
1118 621 1205 654 Anz.
1233 623 1321 654 4894
1349 630 1383 664 p.
1401 623 1479 654 720.

219 679 255 712 P.
270 681 335 712 455
354 689 388 712 n.
401 682 479 712 279.
516 679 648 712 Errore
658 679 832 712 Gaeblero
847 679 1100 721 supplementa
1116 679 1226 711 buius
1239 678 1334 711 tituli
1344 678 1468 711 deberi
1479 677 1663 711 adnotavi.
1688 679 1804 711 Immo

312 737 342 769 is
356 736 533 778 Erythrae
551 745 585 778 p.
595 738 636 769 49
656 736 888 769 Fr'ankeliana
901 736 1042 778 repetit,
1060 736 1094 768 F.
1112 736 1270 768 stabelin
1283 744 1372 769 vero
1386 735 1600 768 Geschichte
1612 735 1677 768 der
1688 735 1807 768 Klein-

311 793 529 826 asiatischen
546 793 677 826 Gallier
701 802 735 835 p.
756 796 797 826 35
823 796 898 826 not.
916 795 935 825 2
961 802 1004 826 ea
1027 794 1232 835 proposuit,
1257 802 1351 834 quae
1374 802 1395 826 a
1418 802 1476 826 me
1493 794 1639 835 recepta
1663 794 1758 826 sunt.

221 850 256 883 P.
276 853 340 883 545
367 859 400 883 n.
420 853 497 892 323,
516 853 571 883 43.
620 851 797 883 Octavum
823 850 919 882 diem
936 850 1115 892 Apollonii
1139 851 1273 883 mensis
1298 850 1358 882 hic
1374 849 1569 892 significari
1585 851 1737 892 apparet
1760 858 1806 882 ex

311 907 417 940 titulo
443 917 476 940 n.
495 909 572 950 764,
591 910 633 940 29
660 905 868 951 [καλλίστην]
895 907 900 950 Ι
926 906 1146 953 ἡγησάμενος
1171 905 1256 940 εἶναι
1279 905 1341 951 τὴν
1358 905 1481 952 ὀγδόην
1500 909 1560 940 τοῦ
1576 902 1804 941 Ἀπολλωνίου

312 963 431 1009 μηνός,
459 962 494 996 ἐν
518 963 556 1008 ἧι
579 962 720 1001 τελέσας
744 963 915 1010 ἐπιτυχῶς
939 962 975 997 ἐν
1001 964 1011 1005 [
1011 980 1169 988 -------
1192 962 1255 1008 τὴν
1274 961 1447 1009 στρατείαν
1471 961 1490 996 ὁ
1509 961 1667 1008 βασιλεὺς
1690 959 1807 997 Ἄττα-

311 1019 371 1058 λος
396 1018 606 1066 Φιλομήτωρ
629 1018 824 1064 κατῆλΗθεν
850 1019 897 1057 εἰς
921 1019 983 1064 τὴν
1008 1019 1118 1053 πόλιν.

220 1078 255 1111 P.
274 1080 340 1111 549
365 1087 398 1111 n.
419 1080 496 1110 333.
545 1078 583 1110 R.
601 1079 768 1120 Laqueur
792 1077 1031 1116 Quaestiones
1055 1078 1308 1120 epigraphicae
1331 1080 1368 1111 et
1390 1078 1672 1121 papyrologicae
1696 1078 1808 1111 selec-

312 1137 380 1177 tae,
404 1135 633 1176 Argentorati
660 1137 746 1168 4904
772 1144 807 1177 p.
825 1138 890 1167 400
906 1143 959 1177 sq.
991 1144 1063 1168 non
1095 1135 1207 1168 modo
1238 1144 1306 1169 suo
1330 1136 1443 1169 Marte
1473 1135 1518 1168 ad
1542 1135 1693 1168 eandem
1725 1144 1806 1168 sen-
1852 1128 1858 1159 ²3

311 1193 462 1225 tentiam
488 1194 597 1234 atque
622 1201 688 1234 ego
714 1193 891 1235 pervenit,
917 1201 991 1225 non
1012 1192 1219 1225 Seleucidae
1240 1193 1455 1235 cuiuspiam,
1481 1192 1545 1226 sed
1561 1193 1671 1225 Attali
1688 1193 1720 1225 11
1745 1194 1809 1226 aut

311 1250 422 1282 Attali
447 1251 493 1282 111
523 1250 588 1282 has
619 1258 700 1282 esse
729 1250 878 1292 litteras,
913 1250 977 1282 sed
1009 1250 1081 1282 hoc
1111 1250 1287 1283 iudicium
1323 1251 1535 1292 argumento
1568 1250 1807 1292 confirmavit,

313 1307 414 1349 quod
439 1308 491 1340 eis
516 1307 652 1349 quibus
676 1316 743 1349 ego
767 1316 859 1340 usus
883 1316 966 1340 sum
992 1307 1107 1340 multo
1140 1307 1287 1349 gravius
1317 1309 1354 1340 et
1382 1308 1518 1340 certius
1547 1315 1627 1340 esse
1658 1316 1731 1340 non
1753 1308 1808 1340 in-

313 1363 419 1397 fitior.
460 1363 680 1397 Acutissime
704 1364 802 1396 enim
820 1364 1041 1406 observavit,
1066 1364 1271 1397 Seleucides
1289 1364 1437 1406 quidem
1461 1372 1564 1406 reges
1588 1365 1625 1397 in
1641 1364 1807 1406 epistulis

313 1421 445 1462 plurali
469 1430 622 1454 numero
654 1421 699 1454 de
727 1423 845 1454 semet
874 1422 964 1464 ipsis
995 1422 1060 1464 uti,
1093 1422 1266 1455 Attalidas
1295 1430 1385 1455 vero
1415 1421 1588 1463 singulari
1617 1422 1808 1454 contentos

314 1486 405 1520 esse,
438 1479 501 1519 qui
531 1478 590 1511 hic
620 1480 827 1511 constanter
857 1481 1056 1521 usurpatus
1089 1480 1185 1512 esset
1216 1478 1261 1519 (v.
1281 1481 1300 1510 2
1332 1476 1473 1522 βεβαιῶ.
1508 1487 1544 1511 v.
1563 1480 1583 1511 6
1613 1481 1681 1511 τῶν
1712 1476 1806 1521 ἐμῶν

314 1534 500 1580 προγόνων.
536 1544 572 1568 v.
591 1538 609 1567 7
636 1535 727 1578 μ[οι].
763 1545 797 1568 v.
815 1539 834 1568 9
862 1533 1086 1580 ὒπηγόρευσα.
1122 1545 1157 1568 v.
1176 1538 1212 1568 44
1244 1533 1432 1576 ἐκέλευσα).

1853 1164 1858 1186 1

1851 1326 1858 1395 ἓ

1851 1469 1858 1501 3

223 1593 258 1625 P.
278 1595 342 1625 525
369 1601 403 1625 n.
422 1594 499 1634 335,
518 1595 572 1625 82.
609 1593 909 1634 Supplementum
923 1602 1046 1625 meum
1059 1592 1339 1635 comprobatum
1352 1593 1408 1626 est
1420 1592 1526 1625 titulo
1539 1601 1574 1625 n.
1589 1595 1667 1634 556,
1680 1594 1695 1624 4
1705 1594 1735 1624 5.
1753 1594 1807 1633 46,
1852 1630 1853 1635 ¹

313 1649 378 1682 ubi
401 1658 535 1682 nomen
561 1648 734 1682 δωσιὸικία
758 1651 939 1691 integrum
962 1652 1091 1683 exstat.

221 1707 256 1739 P.
276 1709 341 1739 580
366 1716 401 1739 n.
422 1708 498 1740 375.
548 1707 768 1740 Sententiam
792 1707 927 1749 Meyeri
953 1709 989 1739 et
1011 1707 1206 1749 Reinachii‚
1231 1715 1303 1739 non
1327 1715 1453 1749 unum,
1487 1706 1551 1739 sed
1575 1706 1670 1739 duos
1693 1713 1808 1748 reges,

313 1763 448 1806 quibus
485 1764 709 1797 Mithridates
746 1773 878 1797 nomen
909 1763 1047 1806 fuisset,
1078 1765 1172 1796 inter
1209 1764 1426 1797 Pharnacem
1451 1764 1467 1795 I
1502 1765 1539 1796 et
1566 1762 1807 1796 Mithridatem

313 1821 498 1864 Eupatora
523 1822 645 1864 fuisse,
685 1822 928 1855 Mithridatem
952 1821 1183 1863 Philopatora
1206 1821 1482 1863 Philadelphum
1506 1822 1543 1853 et
1566 1819 1809 1854 Mithridatem
1844 1835 1858 1875 Jj-

314 1878 515 1920 Euergeten
550 1879 744 1921 Eupatoris
774 1881 927 1922 patrem,
963 1878 1071 1911 docte
1109 1879 1145 1910 et
1177 1878 1355 1919 sagaciter
1386 1877 1544 1911 defendit
1565 1877 1601 1910 F.
1617 1875 1810 1909 Diirrbach
1847 1875 1858 1935 ,-

315 1936 405 1968 Bull.
424 1936 468 1968 de
485 1944 580 1969 corr.
598 1936 685 1969 Hell.
702 1936 819 1969 XXIX
841 1945 876 1978 p.
895 1938 961 1968 486
975 1944 1055 1978 sqq.
1073 1938 1139 1968 493
1154 1943 1232 1977 sqq.
1274 1934 1341 1973 Qui
1365 1934 1427 1967 Th.
1447 1934 1681 1966 Reinachium
1705 1942 1809 1966 secu-

315 1994 375 2025 tus
393 1993 657 2026 dedicationem
675 1994 869 2035 Lyciorum
889 1993 932 2034 (n.
953 1993 1029 2034 554)
1055 2001 1127 2025 non
1145 1992 1288 2025 Sullana
1311 1992 1439 2033 aetate,
1465 1990 1528 2024 sed
1546 1999 1577 2023 a.
1595 1993 1660 2023 468
1678 1999 1709 2023 a.
1727 1990 1808 2023 Chr.

313 2051 400 2091 post
424 2050 572 2091 Lyciam
598 2051 822 2083 Rhodiorum
848 2050 1095 2083 dominatione
1125 2048 1315 2082 liberatam
1338 2048 1470 2081 factam
1495 2056 1576 2081 esse
1600 2048 1738 2090 statuit,
1767 2048 1810 2080 ut

314 2107 408 2147 regis
434 2106 537 2139 Ponti
561 2108 654 2139 inter
677 2107 897 2139 Pharnacem
922 2108 958 2139 et
976 2106 1218 2139 Mithridatem
1236 2105 1449 2147 Euergetem
1474 2104 1657 2146 regnantis
1681 2104 1809 2137 titulus
1845 2129 1852 2154 Ξ

314 2162 479 2196 eiusdem
510 2164 638 2196 aetatis
671 2165 707 2196 et
732 2164 959 2196 monumenti
993 2171 1072 2196 esse
1097 2163 1223 2205 possit.
1263 2162 1535 2195 Dubitationem
1560 2161 1811 2203 movet'quod
1838 2158 1853 2171 ‘¹

312 2221 350 2252 in
373 2229 526 2253 numero
556 2220 746 2253 titulorum
771 2221 834 2262 qui
867 2220 912 2253 ad
937 2219 1034 2253 idem
1066 2221 1347 2252 monumentum
1370 2219 1498 2262 utique
1522 2218 1700 2252 referendi
1723 2219 1809 2251 sunt

314 2277 479 2310 nonnulli
510 2278 746 2310 inveniuntur
775 2277 966 2310 manifesto
999 2277 1227 2310 recentiores.
1280 2277 1349 2309 Sed
1385 2277 1416 2310 si
1446 2276 1491 2310 de
1523 2276 1583 2309 illa
1612 2275 1808 2318 Lyciorum
1833 2279 1836 2282 ⁴

314 2334 540 2367 dedicatione
564 2336 600 2367 et
624 2335 695 2367 hoc
711 2334 926 2368 Mithridatis
943 2334 1184 2376 Philopatoris
1202 2333 1423 2376 Philadelphi
1446 2333 1552 2366 titulo
1570 2341 1701 2366 verum
1717 2331 1809 2365 vidit

314 2391 540 2434 Reinachius‚
565 2392 636 2424 hoc
660 2393 895 2425 monumento
921 2391 1104 2424 dirimitur
1127 2391 1171 2423 lis
1188 2391 1283 2423 inter
1306 2392 1429 2433 ipsum
1453 2392 1490 2423 et
1505 2390 1542 2423 E.
1559 2389 1746 2431 Meyerum
1763 2387 1808 2429 de
1830 2433 1832 2436 ‚

313 2448 519 2489 parentelae
543 2450 694 2482 ratione.
733 2448 826 2482 Nam
844 2458 927 2481 cum
944 2449 1068 2490 Meyer
1091 2449 1325 2490 Philopatora
1342 2447 1616 2489 Philadelphum
1631 2445 1808 2479 maiorem
1830 2442 1831 2447 ’

314 2506 402 2537 natu
426 2505 649 2538 Pharnacisl
680 2506 806 2548 filium,
839 2506 996 2539 Reinach
1019 2514 1106 2538 vero
1132 2506 1311 2538 minorem
1336 2504 1499 2537 eiusdem
1522 2503 1669 2536 fratrem
1694 2501 1806 2535 fuisse

314 2562 585 2604 existimaverit,
610 2563 707 2595 hunc
723 2563 871 2604 quidem
887 2571 1017 2596 verum
1033 2562 1170 2596 vidisse
1186 2562 1269 2595 inde
1286 2562 1447 2604 apparet,
1471 2560 1571 2602 quod
1594 2560 1655 2592 hic
1670 2558 1808 2592 Mithri-

316 2618 421 2661 datis,
449 2628 521 2652 non
546 2619 739 2652 Pharnacis
764 2620 860 2653 filius
884 2620 1027 2653 dicitur.

223 2676 259 2708 P.
278 2677 342 2708 624
369 2685 404 2709 n.
421 2677 499 2718 408,
520 2679 550 2709 4.
599 2676 703 2714 Quod
721 2674 1021 2722 Ψερκιοκωμήτης
1045 2677 1231 2710 ethnicum
1255 2676 1302 2709 ad
1321 2675 1485 2708 Pselchin
1500 2674 1710 2715 Aethiopiae
1734 2652 1826 2723 ret-V⁴

314 2733 392 2775 tuli,
418 2733 539 2775 opinio
564 2742 623 2766 me
648 2732 781 2766 fefellit.
822 2733 914 2766 Nam
931 2735 1001 2767 hoc
1017 2734 1089 2766 vici
1105 2733 1258 2766 Pisidiae
1274 2732 1396 2775 potius
1412 2739 1546 2764 nomen
1561 2739 1641 2764 esse
1657 2730 1807 2773 apparet

315 2799 361 2823 ex
384 2790 500 2823 titulis
525 2799 619 2833 quos
652 2790 764 2823 edidit
789 2791 924 2823 Sterret
947 2792 1080 2833 Papers
1106 2791 1144 2824 of
1164 2791 1225 2823 the
1249 2789 1440 2822 American
1465 2788 1588 2822 school
1612 2789 1650 2821 at
1671 2787 1823 2820 Athens,

315 2848 361 2879 111
385 2856 420 2890 p.
440 2850 506 2880 232
531 2857 564 2881 n.
585 2850 660 2891 366,
678 2849 734 2880 2⁴.
766 2856 802 2889 p.
821 2850 886 2880 257
912 2857 945 2880 n.
967 2850 1044 2890 376,
1063 2851 1115 2881 36.
1165 2847 1213 2879 cr.
1239 2845 1325 2879 ibid.
1350 2854 1386 2887 p.
1404 2847 1482 2877 273.
