1858 3126
179 136 263 178 302
406 136 494 168 VIII.
531 135 677 177 Imperii
701 135 854 168 Romani
877 136 1088 178 provinciae
1111 136 1312 168 orientales.
1364 139 1393 169 7.
1419 138 1533 180 Syria.
1635 137 1762 181 [6⁰5—

181 271 387 317 Σιμπλικίου
411 274 471 306 τοῦ
495 271 759 317 λαμπρΙΟτάτου)
783 271 958 317 κόμΙητος]
986 272 991 317 Ι
1018 272 1290 319 ἀνοικΙοδομήθη
1314 274 1337 319 ἡ
1362 274 1454 319 πύλη
1478 275 1548 317 καὶ]
1570 275 1610 308 τὸ
1633 278 1758 321 τεῖχος.

178 331 411 363 Accuratiora
441 330 486 362 de
510 339 553 362 eo
578 329 662 362 vide
692 339 747 372 ap.
774 330 811 362 Ο.
829 331 950 372 Seeck,
984 330 1295 372 Pauly-Wissowa
1318 331 1666 374 Realencyklopadie
1689 332 1714 374 1,
1738 334 1757 364 2

178 396 212 429 p.
231 390 319 419 2072
346 397 378 419 n.
398 390 428 420 9.
471 387 640 420 Ceterum
665 388 701 420 in
718 387 863 429 Saulcyi
887 388 1096 430 apographo
1121 382 1214 422 λΙΟΙ
1241 389 1307 430 est,
1331 390 1517 430 postrema
1540 389 1659 422 littera
1684 398 1759 422 ma-

177 444 305 477 nifesto
330 453 403 477 non
427 445 525 477 recte
549 445 742 486 exscripta.
783 444 996 477 Emendavit
1017 444 1144 477 Wadd.
1265 447 1282 476 3
1316 446 1758 479 ΟΤΡΑΤΟΝΟΜΑΡΧΟΥ.

176 502 391 535 Emendavit
412 502 667 544 Waddington.
715 503 754 535 In
779 502 885 535 titulo
911 502 1090 535 Geraseno
1115 504 1151 535 et
1175 503 1265 535 actis
1291 503 1435 535 concilii
1460 512 1545 536 sane
1569 501 1758 549 στρατηλά-

174 570 236 602 της
269 561 335 601 est,
369 569 440 592 vox
473 560 582 592 etiam
616 559 702 592 alibi
733 568 799 601 per
828 559 1002 592 orientem
1037 560 1079 592 de
1105 559 1355 602 superioribus
1381 559 1509 593 officiis
1539 560 1758 594 militaribus

140 646 143 647 ⁷
174 617 309 649 usitata
340 616 393 658 (of.
419 626 452 649 n.
472 618 549 658 648,
573 618 604 649 3.
629 618 659 648 4.
685 616 728 658 5),
759 616 823 648 sed
853 625 932 649 eam
965 617 1024 649 hic
1056 625 1233 659 reponere
1266 625 1432 649 summae
1456 617 1627 650 audaciae
1650 618 1756 650 esset.

173 673 302 715 Utique
319 675 517 715 utrumque
533 682 665 706 nomen
678 673 854 706 Graecum
871 671 1091 717 mayistrum
1105 671 1268 707 militum
1281 674 1407 716 (nom)
1426 674 1627 715 significare
1643 675 1757 707 mani-

174 730 305 763 festum
332 731 397 763 est.
510 733 526 763 I·
561 730 758 763 Consulatu
774 730 960 763 Anatolius
986 730 1130 763 functus
1147 733 1202 763 est
1219 740 1310 764 anno
1329 732 1393 763 440
1412 740 1446 773 p.
1466 731 1547 764 Chr.
1565 740 1598 763 n.
1617 730 1754 772 (Wadd.

173 789 209 819 et
233 788 344 820 Seeck
369 788 390 820 l.
410 787 454 828 l.).
502 787 584 820 Non
610 788 691 830 ipso
718 787 928 820 consulatus
958 797 1051 821 anno
1082 788 1210 820 titulus
1240 787 1440 831 dedicatus,
1472 788 1536 821 sed
1565 789 1624 821 hic
1653 790 1695 821 ut
1719 789 1755 821 in

173 846 411 877 monumento
438 845 616 877 Geraseno
643 842 768 881 ὕπατος
792 853 859 887 pro
886 842 1047 882 ὑπατικός
1071 846 1144 887 aut,
1177 846 1218 877 ut
1242 847 1322 878 acta
1345 845 1488 878 concilii
1512 845 1657 888 babent,
1687 843 1755 878 ἀπὸ

174 898 311 934 ὑπάτων
337 902 515 944 scriptum
542 903 609 944 est,
634 901 672 935 id
694 902 794 944 quod
817 901 986 935 inferiore
1011 903 1128 935 aetate
1152 902 1250 935 haud
1274 911 1356 935 raro
1380 911 1452 936 usu
1475 903 1580 935 venit.

257 1069 349 1114 606
389 1074 433 1112 In
465 1074 632 1112 ecclesia
661 1071 891 1112 Nebi-Abel
924 1074 1029 1112 iuter
1059 1074 1304 1113 Damascum
1340 1077 1380 1113 et
1409 1074 1646 1127 Heliopolin,
1683 1074 1753 1114 ubi

170 1143 391 1193 antiquitus
428 1142 506 1181 sita
541 1144 628 1181 erat
663 1142 788 1180 Abila.
846 1142 917 1181 Ed.
958 1142 1142 1181 Pococke
1188 1143 1310 1182 Inscr.
1348 1145 1430 1182 ant.
1462 1154 1495 1182 c.
1529 1142 1544 1181 l
1588 1155 1628 1195 p.
1660 1143 1695 1182 l.
1726 1143 1750 1182 2

170 1210 215 1260 (J.
240 1210 370 1248 Franz
403 1210 443 1249 C.
466 1211 494 1250 Ι.
518 1209 563 1249 G.
588 1210 691 1249 4524
704 1208 727 1263 ).

274 1318 399 1378 Ὑπὲρ
421 1321 550 1378 (τΙῆΙς)
562 1324 576 1350 1
591 1324 669 1364 τῶν
685 1322 832 1378 κυρίων
848 1321 1078 1378 ΣεΙβαστῶν
1087 1323 1117 1376 2]
1137 1322 1141 1378 Ι
1161 1322 1361 1379 σωτηρίας
1386 1321 1455 1365 καὶ
1469 1325 1539 1365 τοῦ
1557 1323 1752 1379 σύμ[παν-

281 1390 361 1445 τος]
395 1389 400 1446 Ι
434 1391 564 1432 αὐτῶν
601 1389 713 1432 οἴκου
751 1389 787 1432 Ν
794 1391 966 1447 ύμφαιος
992 1389 1156 1446 Ἀέ[του]
1166 1393 1195 1445 ³,
1230 1391 1235 1447 Ι
1267 1391 1469 1434 Λυσανίου
1504 1390 1751 1449 τετράρχου4

258 1517 412 1549 Litterae
428 1517 593 1558 volgares
610 1518 755 1558 praeter
773 1518 845 1559 ΠΣ,
871 1518 902 1549 si
919 1517 1028 1549 modo
1048 1519 1146 1550 recte
1163 1510 1365 1559 exscriptae
1381 1519 1477 1551 sunt.
1596 1521 1609 1550 4
1650 1519 1745 1551 ΓΗΕ.

166 1576 184 1604 2
216 1573 393 1605 Pluralem
419 1574 574 1616 mireris,
600 1575 686 1615 quia
709 1573 818 1606 huius
842 1573 938 1606 tituli
955 1575 1070 1606 aetate
1097 1574 1150 1614 (cf.
1169 1575 1241 1606 not.
1261 1575 1290 1615 4)
1316 1583 1410 1607 unus
1434 1575 1544 1608 modo
1561 1575 1747 1617 Augustus

163 1632 250 1672 erat,
276 1639 394 1672 neque
419 1631 455 1663 in
480 1631 548 1663 hac
573 1631 721 1672 quidem
745 1631 925 1663 sententia
948 1639 1010 1664 eos
1028 1631 1092 1672 qui
1109 1630 1279 1673 delnceps
1301 1632 1550 1673 regnavissent
1573 1632 1643 1665 hoc
1666 1632 1746 1674 plu-

163 1687 229 1719 rali
251 1687 506 1729 comprehendi
532 1687 673 1720 licebat.
711 1687 829 1725 Quare
851 1687 928 1719 fieri
945 1697 1017 1720 non
1041 1696 1149 1729 posse
1167 1688 1320 1731 videtur,
1346 1688 1434 1730 quin
1458 1690 1522 1721 aut
1539 1689 1744 1731 Augustum

163 1753 247 1776 cum
272 1744 442 1787 Augusta,
468 1753 599 1786 nempe
623 1744 808 1777 Tiberium
833 1753 916 1777 cum
941 1745 1042 1777 Livia
1067 1746 1129 1777 aut
1144 1745 1378 1787 Agrippinam
1403 1754 1487 1778 cum
1505 1745 1657 1788 Nerone,
1682 1748 1746 1779 aut

161 1802 364 1843 principem
390 1811 473 1834 cum
491 1803 567 1834 tota
585 1801 718 1834 familia
738 1801 889 1834 indicari
906 1803 1122 1835 statuamus.
1163 1801 1211 1834 Cf.
1237 1811 1271 1834 n.
1291 1802 1388 1834 6231.
1507 1806 1524 1834 3
1559 1803 1742 1845 Supplevi.

161 1858 305 1891 Liberto
330 1868 402 1891 non
426 1859 569 1901 patroni
593 1859 702 1892 modo
727 1867 870 1901 nomen,
902 1859 966 1891 sed
989 1859 1099 1892 etiam
1130 1859 1243 1901 patris
1268 1859 1414 1901 adiungi
1443 1860 1560 1893 rarius
1592 1860 1742 1903 quidem

160 1917 225 1958 est,
257 1916 319 1948 sed
345 1925 416 1949 non
447 1916 662 1949 inauditum.
712 1915 759 1948 Cf.
786 1925 819 1948 n.
845 1918 921 1958 620,
946 1918 1057 1958 3sqq.
1104 1915 1245 1949 Nomen
1276 1917 1399 1958 ipsum
1430 1918 1616 1958 praestare
1646 1918 1741 1960 nolo,

161 1982 243 2005 nam
275 1974 397 2014 potest
429 1974 486 2006 ΑΕ
514 1972 700 2006 lenissimo
733 1982 856 2006 errore
887 1982 955 2015 pro
987 1975 1044 2007 ΛΕ
1078 1973 1212 2006 lectum
1245 1982 1335 2015 esse,
1367 1973 1405 2006 id
1428 1973 1527 2015 quod
1561 1974 1742 2016 permulta

161 2030 413 2071 supplementa
445 2030 664 2062 admitteret.
783 2033 801 2063 4
834 2031 1005 2063 Franzius
1035 2032 1133 2063 recte
1164 2031 1340 2072 provocat
1370 2030 1414 2063 ad
1439 2030 1556 2064 Lucae
1580 2031 1741 2072 Evange-

159 2086 260 2127 lium,
293 2085 357 2118 ubi
387 2086 430 2118 de
462 2087 732 2128 quintodecimo
759 2087 892 2120 Tiberii
918 2088 1079 2120 Caesaris
1113 2097 1206 2120 anno
1232 2087 1363 2129 legitur
1389 2090 1451 2130 3,4
1487 2087 1547 2120 καὶ
1570 2084 1739 2122 Λυσανίου

157 2145 220 2185 τῆς
244 2138 421 2187 Ἀβιληνῆς
444 2146 707 2189 τετραρχοῦντος
735 2145 774 2185 (a.
794 2147 834 2177 28
854 2153 888 2186 p.
907 2145 987 2178 Chr.
1006 2145 1062 2185 n.).
1102 2145 1296 2177 Diversum
1320 2144 1417 2177 hunc
1434 2145 1480 2178 ab
1497 2145 1557 2178 illo
1575 2145 1738 2188 Lysania,

158 2200 221 2241 qui
246 2199 452 2232 Ptolemaeo
477 2200 645 2232 Menneae
676 2200 696 2232 f.
723 2201 817 2242 patri
849 2202 1027 2234 successit
1056 2203 1092 2233 et
1119 2210 1204 2233 cum
1233 2201 1412 2243 Antigono
1439 2201 1667 2235 Hasmonaeo
1699 2211 1738 2235 se

157 2257 355 2298 coniunxit,
386 2255 618 2289 manifestum
649 2258 713 2298 est,
745 2267 828 2290 nam
861 2259 891 2290 is
923 2258 1004 2300 plus
1034 2267 1144 2300 quam
1177 2259 1413 2291 semisaeculo
1445 2260 1527 2292 ante
1550 2259 1653 2292 illum
1676 2268 1738 2292 an-

157 2322 243 2345 num
270 2322 290 2345 a
308 2313 495 2355 Cleopatra
519 2313 732 2346 interemtus
757 2316 834 2346 erat
858 2315 1009 2358 (Ioseph.
1026 2315 1107 2348 Ant.
1125 2315 1200 2358 XV,
1218 2318 1272 2348 92.
1312 2315 1397 2348 Bell.
1414 2316 1439 2358 1,
1459 2316 1547 2361 450).
1586 2316 1737 2358 Regium

156 2378 290 2402 nomen
314 2370 374 2402 hic
406 2371 493 2402 natu
517 2371 638 2402 minor
667 2379 738 2402 non
763 2371 908 2403 videtur
932 2373 1097 2414 gessisse,
1129 2373 1197 2405 etsi
1227 2374 1324 2405 terra
1353 2372 1399 2405 ab
1423 2382 1467 2406 eo
1491 2372 1616 2406 relicta
1639 2373 1736 2415 apud

155 2427 350 2468 Iosephum
376 2427 484 2459 modo
509 2425 532 2470 ἡ
557 2423 725 2459 Λυσανίου
751 2425 907 2470 βασιλεία
931 2429 1025 2469 (Bell.
1044 2429 1084 2470 11,
1104 2432 1181 2462 2⁴5.
1200 2429 1277 2470 2¹07)
1308 2429 1418 2462 modo
1442 2426 1466 2473 ἡ
1491 2426 1658 2462 Λυσανίου
1682 2440 1736 2462 τε-

154 2481 297 2529 τραρχία
314 2483 403 2524 (Ant.
421 2482 545 2525 XVIII,
563 2485 640 2516 237.
673 2484 750 2526 XX,
770 2484 846 2525 ⁴38)
872 2485 1085 2526 appellatur.
1125 2485 1180 2518 Ab
1197 2486 1276 2527 hoc,
1302 2495 1373 2518 non
1389 2485 1436 2518 ab
1452 2486 1513 2518 illo
1532 2487 1736 2527 antiquiore

154 2542 190 2573 et
206 2540 396 2582 nobiliore,
413 2541 608 2583 repetitum
625 2541 681 2573 est
697 2549 898 2582 cognomen
921 2541 1046 2582 oppidi
1062 2538 1181 2585 Ἄβιλα
1195 2540 1218 2584 ἡ
1236 2539 1405 2575 Λυσανίου
1424 2541 1478 2583 (cf.
1496 2542 1635 2584 Ioseph.
1652 2543 1733 2576 Ant.

154 2597 247 2640 XIX,
265 2600 331 2630 275
364 2599 400 2630 et
424 2606 518 2639 quae
547 2598 701 2639 exposui
733 2597 823 2630 infra
856 2607 889 2630 n.
909 2597 1050 2638 6343-4).
1099 2598 1260 2630 Decessit
1291 2599 1386 2631 intra
1419 2607 1597 2631 annorum
1629 2601 1671 2631 28
1697 2602 1734 2632 et

157 2657 198 2686 37
223 2662 258 2696 p.
273 2654 354 2687 Chr.
367 2664 400 2687 n.
426 2655 598 2697 spatium,
623 2664 706 2687 nam
730 2655 820 2697 ipsis
844 2655 1069 2696 principatus
1094 2655 1205 2687 initiis
1222 2655 1330 2698 Gaius
1348 2655 1478 2687 Caesar
1501 2655 1580 2688 eius
1603 2657 1732 2689 tetrar-

154 2712 272 2744 chiam
297 2712 356 2744 alli
381 2711 541 2745 donavit.
582 2711 750 2744 Ceterum
775 2721 847 2745 non
871 2713 936 2754 est,
961 2720 1027 2744 cur
1042 2711 1296 2753 Nymphaeum
1322 2711 1492 2744 libertum
1517 2712 1587 2745 hoc
1603 2722 1732 2746 monu-

155 2771 318 2801 mentum
355 2769 550 2812 superstite
583 2770 738 2811 patrono
774 2770 996 2802 exstruxisse
1031 2777 1234 2810 sumamus;
1271 2768 1356 2801 licet
1389 2769 1499 2810 igitur
1532 2778 1650 2812 usque
1685 2769 1729 2803 ad

152 2825 307 2858 Neronis
331 2827 487 2859 aetatem
513 2827 575 2859 aut
599 2826 688 2859 adeo
714 2826 870 2868 amplius
895 2825 1110 2859 descendere
1136 2826 1172 2857 in
1202 2827 1370 2867 tempore
1400 2826 1644 2869 inscriptionis
1669 2825 1730 2859 de-

152 2881 320 2915 finiendo.
