1858 3126
188 164 272 204 494
832 161 891 195 ΙΧ.
927 162 1128 205 Appendix.
1648 162 1779 206 [7⁸2.-

295 296 344 341 Ὃ
377 301 505 355 δῆμος
536 300 557 341 ὁ
581 296 859 356 Ἱεροπολιτῶν
889 301 996 355 τῶ[ν]
1030 299 1035 355 l
1067 299 1167 356 πρὸς
1203 303 1276 342 τῶι
1308 297 1537 356 Πυράμ.ω·ι1
1565 302 1638 356 τῆς
1669 300 1779 357 ἱερᾶς

304 367 402 423 aasz]
435 368 440 424 1
475 368 626 411 ἀσύλου
669 366 1024 426 Ίόιρκῡνδίμωτωι2
1066 367 1329 425 Στράτων[ος]
1359 367 1365 423 Ι
1398 367 1484 410 υἱὸν
1526 366 1777 426 τοπάρχηνῧ,

258 449 278 480 5
305 436 371 479 τὸν
403 436 646 494 εὖεργέτη[ν]
718 436 786 479 καὶ
816 439 1021 494 κηδεμόνα
1051 441 1120 480 τοῦ
1152 439 1295 494 δήμου.

283 624 438 657 Litterae
459 625 597 657 ΑΗΠΣ.
708 626 721 655 4
760 623 954 666 Oppidum,
973 624 1078 656 cuius
1098 624 1281 666 relliquias
1300 624 1573 657 accuratissime
1589 623 1782 666 descripsit

190 682 279 714 Bent
303 681 452 714 Journal
483 681 522 714 of
544 681 631 713 Hell.
657 680 795 714 studies
821 681 868 713 XI
894 683 980 713 4890
1008 690 1042 723 p.
1062 683 1125 713 234
1142 690 1233 723 sqq„
1265 681 1466 723 antiquitus
1497 680 1687 715 Castabala
1718 690 1782 723 ap-

189 739 362 781 pellatum
390 738 443 780 (cf.
470 748 503 771 n.
523 738 633 779 7548),
664 740 774 780 caput
808 739 904 771 illius
930 739 1086 780 regionis
1117 740 1153 771 et
1183 739 1319 780 regiam
1343 738 1614 772 Tarcondimoti
1639 739 1675 772 et
1698 747 1782 772 suc·
1854 758 1858 784 4

190 805 378 829 eessorum
405 796 516 829 fuisse
541 805 625 829 cum
652 796 850 838 parietinae
874 796 1124 829 aedificiorum
1143 796 1420 838 magnificorum
1443 796 1616 839 produnt,
1640 797 1720 829 tum
1744 796 1782 829 hi
1853 785 1858 801 ‘

191 854 288 887 tituli
318 853 542 887 confirmant.
677 856 697 886 2
730 853 780 886 Cf.
811 853 940 887 Strabo
965 853 1056 897 XIV,
1081 857 1113 896 5,
1139 856 1180 887 48
1207 862 1241 896 p.
1262 856 1344 886 676:
1381 849 1435 887 εἶτ’
1461 849 1637 898 'Ap-wiese
1667 851 1782 896 πύλαι,

192 909 347 957 ὕφορμον
374 910 524 958 ἔχουσαι,
556 909 604 948 εἰς
638 909 678 948 ἃς
701 909 846 957 τελευτᾷ
875 910 913 944 τὸ
937 907 1076 954 Ἀμανὸν
1112 909 1190 957 ὄρος
1216 909 1282 944 ἀπὸ
1314 913 1375 944 τοῦ
1400 908 1536 956 Ταύρου
1561 909 1731 957 καθῆκον,
1764 910 1782 944 ὃ
1848 916 1858 958 3

189 973 252 1014 τῆς
278 965 440 1006 Κιλικίας
472 966 665 1013 ὑπέρκειται
694 967 783 1002 κατὰ
812 968 850 1001 τὸ
875 967 960 1015 πρὸς
986 966 1031 1001 ἕω
1058 967 1172 1014 μέρος,
1202 966 1256 1002 ἀεὶ
1288 968 1350 1012 μὲν
1385 965 1451 1002 ὑπὸ
1481 966 1648 1002 πλειόνων
1683 967 1782 1002 ὃυνα·

191 1024 392 1070 στευόμενον
424 1025 609 1070 τυράννων,
642 1025 792 1072 ἐχόντων
826 1024 997 1070 ἐρύματα·
1027 1021 1216 1069 καθ’ἡμᾶς
1250 1025 1287 1059 δὲ
1316 1023 1464 1070 κατέστη-
1496 1024 1614 1071 κὺριος
1646 1024 1781 1059 πάντων
1844 1047 1846 1050 <

191 1082 277 1130 ἀνὴρ
303 1082 477 1129 ἀξιόλογος
501 1082 561 1117 καὶ
586 1082 744 1128 βασιλεὺς
770 1079 1037 1127 ὑπὸῬωμαία.ν
1063 1081 1252 1128 ὠνομάσθη
1278 1081 1334 1117 διὰ
1355 1081 1417 1120 τὰς
1441 1081 1667 1130 ἀνδραγαθίας
1693 1081 1783 1129 Ταρ-
1843 1117 1846 1123 Δ

191 1139 392 1186 κονδίμοτος
421 1139 707 1185 (ταρκοδίμεντος,
742 1139 1021 1186 ταρκοῧήμεντος
1045 1141 1173 1184 codd-l,
1209 1140 1269 1174 καὶ
1303 1139 1366 1185 τὴν
1403 1139 1568 1188 διαδοχὴν
1603 1144 1677 1178 τοῖς
1711 1136 1779 1185 μετ’

192 1198 294 1232 αὐτὸν
326 1197 518 1244 παρέδωκε.
567 1199 664 1231 Inter
695 1199 814 1232 socios
846 1198 1093 1231 Romanorum
1123 1200 1333 1232 recensetur
1369 1198 1468 1242 apud
1497 1198 1706 1232 Ciceronem
1737 1198 1783 1232 ad
1839 1198 1842 1199 ’

191 1258 288 1290 Fam.
306 1256 382 1299 XV,
403 1259 433 1299 4,
453 1258 491 1289 2:
526 1265 611 1290 cum
640 1254 835 1290 exercitum
864 1254 909 1289 iu
937 1253 1111 1290 Ciliciam
1139 1255 1315 1297 ducerem,
1347 1254 1392 1290 ‘bn
1413 1253 1553 1299 finibus
1576 1253 1785 1300 Lycaoniae
1833 1281 1837 1284 .

191 1317 222 1348 et
251 1312 501 1358 Cappadociae
525 1311 624 1347 mihi
646 1311 784 1347 litterae
807 1311 968 1347 redditae
989 1315 1077 1347 suut
1100 1323 1123 1346 a
1152 1311 1434 1356 Tarcondimoto,
1459 1311 1526 1357 qui
1545 1311 1784 1357 fidelissima

192 1370 313 1406 socius
345 1373 451 1405 trans
482 1369 646 1405 Taurum
675 1369 998 1414 amicissimusque
1022 1369 1156 1415 populi
1184 1369 1350 1404 Romani
1377 1368 1619 1405 existimatur.
1667 1370 1783 1409 Quam

193 1431 404 1463 societatem
435 1430 604 1462 homines
636 1429 734 1462 docti
762 1437 940 1471 perquam
979 1429 1216 1471 probabiliter
1246 1428 1292 1462 ab
1325 1428 1386 1461 illo
1419 1430 1584 1471 tempore
1620 1430 1786 1470 repeten-
1830 1464 1832 1466 ,

194 1488 277 1520 dam
303 1487 523 1529 existimant,
549 1496 622 1529 quo
651 1487 711 1520 Cn.
736 1487 930 1529 Pompeius
955 1486 1161 1520 Mithridate
1187 1486 1331 1519 devicto
1358 1494 1416 1519 res
1435 1485 1540 1519 Asiae
1564 1485 1786 1519 ordinaverit

195 1546 249 1585 (64
276 1554 306 1577 a.
326 1545 405 1577 Chr.
425 1544 482 1585 ιι).
525 1543 603 1582 Qua
629 1544 672 1576 de
698 1552 807 1577 causa
833 1543 927 1576 bello
955 1544 1052 1576 elvili
1070 1544 1283 1577 Caesariano
1309 1543 1430 1586 primo
1454 1553 1475 1576 a
1499 1542 1665 1586 partibus
1683 1543 1785 1575 Pom-

194 1603 253 1644 pei
286 1601 415 1643 stabat‚
448 1601 513 1634 sed
545 1610 629 1634 cum
662 1603 746 1643 post
777 1601 954 1643 proelium
981 1601 1227 1635 Pharsalicum
1261 1611 1282 1634 a
1306 1601 1457 1635 Caesare
1488 1601 1524 1633 in
1555 1609 1665 1642 regno
1699 1609 1785 1633 eon·
1820 1631 1823 1635 ,

194 1661 362 1692 servatus
393 1660 498 1701 esset,
531 1659 710 1700 egregiam
744 1658 853 1691 fidem
886 1659 917 1690 ei
953 1659 1134 1700 praestitit
1160 1659 1317 1699 (Cassius
1341 1659 1407 1691 Dio
1431 1658 1519 1700 XLI,
1538 1657 1653 1700 68,4).
1701 1657 1787 1690 Post
1821 1647 1822 1650 ¹

195 1717 290 1749 illius
316 1725 441 1749 necem
474 1718 622 1749 coactus
653 1725 738 1748 cum
765 1715 800 1748 C.
822 1715 944 1748 Cassio
971 1724 1008 1748 se
1034 1717 1223 1748 coniunxit
1248 1716 1406 1758 (Cassius
1432 1716 1496 1748 Dio
1521 1714 1656 1756 XLVII,
1674 1717 1728 1756 26,
1747 1716 1784 1746 2:

193 1773 262 1806 ’κά-ι.
292 1772 413 1806 τοῦτο-υ
445 1772 502 1805 καὶ
532 1773 587 1806 τὸν
613 1770 890 1816 Ταρ-ιονῦίμοτον
921 1771 999 1808 τούς
1025 1783 1060 1805 τε
1086 1771 1238 1819 Ταρσέας
1272 1772 1330 1806 καὶ
1354 1771 1500 1809 ἄκοντας
1531 1770 1567 1809 ἐς
1590 1771 1628 1805 τὸ
1653 1781 1786 1814 συμμα-
1815 1773 1822 1791 ³

194 1833 292 1877 χιχ-ὸν
312 1830 566 1876 προεηγάγετο).
607 1830 743 1863 Deinde
760 1830 806 1863 ab
823 1830 979 1862 Antonio
1002 1830 1259 1871 benignissime
1277 1830 1434 1871 babitus,
1460 1830 1608 1862 civitate
1624 1829 1787 1862 Romana
1812 1826 1815 1827 ⁷

195 1890 350 1922 donatus
376 1889 523 1930 (Eckhel
546 1889 586 1921 D.
605 1887 645 1920 N.
665 1889 709 1920 Ill
736 1897 769 1930 p.
789 1890 842 1921 82.
886 1889 921 1920 B.
940 1887 1037 1920 Head
1063 1887 1150 1920 llist.
1170 1897 1268 1919 num.
1289 1888 1366 1927 648)
1391 1889 1427 1919 et
1452 1890 1492 1920 ut
1512 1886 1662 1929 quidem
1687 1885 1786 1918 vide-
1812 1922 1814 1924 ,

195 1949 256 1979 tur
282 1947 368 1987 (not.
389 1948 418 1986 3)
445 1946 590 1979 nomine
616 1947 714 1987 regio
741 1947 890 1978 ornatus
916 1947 981 1977 est.
1030 1945 1098 1977 Pro
1132 1953 1176 1977 eo
1209 1952 1374 1986 pugnans
1399 1944 1547 1976 Actiaco
1578 1943 1716 1985 proelio
1743 1945 1779 1974 34
1812 1981 1815 1986 .

196 2014 226 2037 a.
246 2004 326 2036 Chr.
347 2013 379 2036 n.
399 2006 553 2035 mortem
573 2004 726 2045 oppetiit
745 2003 902 2043 (Cassius
921 2003 986 2034 Dio
1004 2002 1039 2042 L,
1060 2004 1113 2043 44,
1132 2004 1162 2034 2.
1204 2001 1383 2034 Plutarch.
1395 2001 1525 2033 Anton.
1544 2000 1610 2042 64).
1651 2000 1786 2033 Memo-

196 2061 310 2093 rabile
334 2062 400 2101 est,
425 2061 485 2092 hie
502 2069 633 2092 nomen
652 2069 716 2102 per
736 2062 770 2093 ω
797 2060 918 2101 scribi,
943 2069 977 2092 n.
997 2062 1074 2101 753,
1094 2061 1123 2091 4.
1144 2062 1163 2091 6
1190 2067 1254 2100 per
1278 2059 1322 2091 0.
1363 2058 1431 2091 Sed
1454 2058 1660 2100 correptam
1678 2066 1785 2090 voca-
1811 2094 1813 2098 ι

196 2119 267 2150 lem
294 2118 428 2150 rectius
455 2117 598 2157 habere,
625 2126 708 2149 eum
735 2117 916 2150 Ciceronis
942 2116 1192 2149 testimonium
1218 2117 1369 2158 propter
1393 2116 1617 2148 litteraturae
1641 2105 1787 2148 Latinae
1802 2106 1813 2158 J

198 2178 376 2216 naturam,
413 2174 599 2206 Strabonis
637 2176 669 2205 et
702 2174 883 2206 Plutarchi
921 2175 1071 2216 propter
1107 2172 1334 2206 manifestam
1368 2172 1616 2215 corruptelam
1652 2172 1806 2205 nullius*

197 2233 374 2266 momenti
396 2232 452 2273 sit,
471 2232 621 2273 apparet
639 2240 683 2262 ex
700 2238 938 2263 nummorum
957 2229 1256 2272 inscrIptionibus
1269 2231 1306 2263 et
1326 2230 1439 2263 Cassii
1454 2230 1579 2263 Dionis
1599 2229 1784 2272 memorie,

197 2291 303 2323 euius
327 2289 409 2322 libri
437 2288 607 2321 omnibus
631 2297 694 2321 sex
720 2288 808 2320 locis
834 2290 866 2321 Ο
892 2288 1064 2321 exhibent
1089 2288 1142 2329 (cs.
1169 2288 1378 2321 Boissevain
1403 2287 1448 2321 ad
1472 2287 1560 2330 XLI,
1579 2289 1633 2329 63,
1653 2289 1694 2329 4).
1734 2286 1794 2320 ΒΘ»

198 2348 266 2380 bac
299 2349 373 2380 tota
405 2346 614 2387 regulorum
647 2346 759 2386 stirpe
791 2346 948 2387 perbene
980 2346 1151 2388 exposuit
1175 2346 1203 2378 J.
1222 2345 1432 2388 Marquardt
1461 2345 1563 2378 Rom.
1585 2339 1802 2378 staatsvor-{v

199 2405 359 2445 waltung
386 2405 410 2446 1,
431 2406 507 2445 386,
544 2411 652 2445 quem
688 2404 723 2434 et
755 2402 944 2445 Heberdey
969 2405 1005 2435 et
1034 2403 1202 2435 Wilhelm
1235 2403 1271 2436 in
1304 2403 1433 2436 horum
1460 2403 1650 2435 titulorum
1675 2397 1797 2439 inter-J

199 2462 404 2504 pretatione
429 2461 543 2493 secuti
569 2461 654 2492 sunt
678 2461 714 2492 et
738 2468 806 2492 nos
832 2461 1031 2501 sequimur.
1163 2463 1179 2491 3
1213 2460 1303 2493 Cum
1330 2461 1399 2493 hoc
1423 2461 1699 2492 monumentum
1723 2457 1787 2506 de->

198 2519 390 2559 dicaretur,
418 2518 515 2559 regio
543 2517 689 2550 nomine
707 2516 868 2550 nondum
894 2516 1066 2550 utebatur
1083 2517 1394 2559 Tarcondimotus,
1419 2518 1484 2559 qui
1507 2519 1543 2550 et
1566 2518 1603 2549 in
1624 2507 1794 2551 nummis}⁴

198 2576 521 2619 (Eckhell11·p.82)
539 2577 574 2607 et
591 2574 683 2607 infra
701 2584 733 2606 n.
753 2576 830 2616 75¹0,
855 2575 872 2606 4
895 2582 957 2606 rex
975 2573 1187 2615 appellatur.
1225 2575 1293 2607 Sed
1311 2583 1395 2607 eum
1414 2574 1593 2607 honorem
1611 2564 1790 2616 suprema

200 2635 295 2666 vitae
321 2633 493 2666 decennio
520 2634 647 2665 nactus
674 2631 833 2672 videtur;
869 2640 950 2663 nam
978 2632 1020 2663 M.
1039 2631 1234 2663 Antonium
1266 2640 1331 2673 per
1359 2632 1419 2664 illa
1442 2633 1620 2673 tempora,
1650 2629 1739 2673 quib
1774 2631 1779 2634 ’

199 2806 383 2839 simillima
409 2814 547 2848 paucos
574 2804 682 2837 modo
707 2813 820 2837 annos
846 2803 1067 2836 intercedere
1091 2803 1232 2846 probat.
