1858 3126
514 136 605 170 vm.
640 137 710 171 Res
734 138 772 170 et
794 136 908 171 verba
931 138 1158 173 notabiliora.

43 272 294 322 γυμνασίαρχος
320 273 396 318 194,
413 281 446 308 4.
471 274 551 318 332,
570 281 623 309 35.
649 274 728 318 339,
747 281 801 309 30.

89 331 169 375 479,
192 337 223 366 8.
275 327 478 377 Γερασηνῶν
509 331 587 375 622,
612 339 642 366 5.
693 329 801 379 Δορυ·

90 386 204 423 laem
226 388 371 432 479,14.
406 384 536 423 Ἰλιέων
561 388 639 432 212,
653 395 683 422 8.
725 387 801 425 Μα-

87 444 240 492 γνήτων·
268 446 611 493 γυμνασιαρχήσαντα
631 444 802 492 τετράμη-

86 513 158 537 νον-
173 506 237 549 τῆς
262 501 397 541 πόλεως
421 502 499 547 485,
520 511 548 537 5.
596 513 801 550 γυμνασιαρ-

87 559 240 607 χήσαντα
253 559 396 606 δίμηνον
407 564 470 605 τῆς
485 559 661 607 γερουσίας
677 559 756 603 485,
768 566 798 594 6.

86 614 220 652 Ξοῖτῶν
260 617 338 661 708,
369 623 421 652 10.
477 615 618 664 Παφίων
660 617 737 660 164,
768 624 798 652 3.

90 674 167 718 165,
176 681 206 708 3.
225 674 305 718 582,
312 680 343 709 2.
376 672 641 709 Πεσσινουντίων
650 684 659 693 ·
670 686 799 721 γυμνα-

88 730 319 779 σιαρχήσαντα
327 732 424 775 540,1
433 739 464 766 3.
470 749 508 756 -
516 730 661 780 ἔναρχος
671 743 799 778 γυμνα-

87 787 226 836 σίαρχος
251 787 328 831 708,
350 795 402 824 10.
427 789 504 833 713,
524 795 554 823 2.
594 788 799 835 γυμνασίαρ-

85 857 150 893 χος
177 850 247 880 τῶν
278 851 449 891 γυναικῶν
478 847 558 890 479,
578 853 631 881 14.
673 847 732 881 τὸν
758 842 798 879 δι’

87 901 212 942 αἰῶνος
239 901 490 950 γυμνασίαρχον
520 903 598 947 486,
626 910 677 938 17.
733 903 799 937 δω-

88 959 166 1006 ρεὰν
205 959 265 995 καὶ
307 958 506 1006 αὐθαίρετος
545 959 798 1008 γυμνασίαρχος

89 1017 167 1061 583,
186 1024 216 1052 8.
238 1024 277 1052 1³

39 1079 226 1126 γυμνάσιον
255 1080 334 1123 339,
353 1086 394 1114 32
408 1090 488 1124 sqq.
535 1084 608 1118 τοῖς
637 1080 706 1114 ἀπὸ
737 1083 798 1115 τοῦ

86 1136 271 1184 γυμνασίου
287 1135 556 1183 Εὐπατορισταῖς
580 1138 658 1171 367.
698 1136 799 1171 δόντα

86 1192 245 1240 ἀργύριον
280 1194 330 1232 εἰς
363 1194 403 1229 τὸ
438 1194 624 1241 γυμνάσιον
661 1195 740 1238 511,
767 1202 797 1228 3.

86 1255 222 1298 πρῶτον
251 1251 315 1297 μὲν
344 1250 521 1291 ἀνοίξαντα
551 1252 590 1286 τὸ
615 1252 799 1298 γυμνάσιον

87 1308 166 1351 529,
187 1314 239 1343 11.
283 1307 453 1356 ἐγγενικδς
479 1308 585 1355 ἱερεὺς
606 1311 667 1342 τοῦ
692 1309 728 1343 έν
751 1309 802 1355 τῷ

84 1365 260 1412 γυμνασίῳ
275 1365 591 1410 κατεσκευασμένου
612 1364 677 1400 ὑπὸ
696 1365 799 1400 αὐτοῦ

85 1440 133 1448 --
145 1426 230 1458 ναοῦ
244 1421 304 1457 καὶ
320 1422 518 1469 ἀγάλματος
534 1423 613 1466 583,
629 1430 659 1457 6.
691 1422 798 1469 ίερεὺς

85 1484 154 1513 τῶν
173 1478 210 1514 ἐν
225 1479 398 1526 γυμνασίῳ
415 1479 505 1515 θεῶν
528 1481 606 1524 583,
626 1488 656 1514 9.
698 1478 734 1514 ἐν
750 1481 801 1527 τῷ

85 1541 154 1571 τῶν
177 1534 264 1572 νέων
279 1537 454 1583 γυμνασίῳ
480 1539 558 1582 764,
576 1545 626 1573 18.
666 1537 709 1571 τὰ
724 1537 798 1572 τέσ-

88 1604 174 1639 σαρα
197 1593 366 1640 γυμνάσια
391 1595 469 1638 764,
489 1602 529 1628 58

11 1682 15 1685 ,
39 1656 202 1704 γυμνικὸς
225 1656 317 1703 ἀγών
342 1657 421 1700 233,
441 1664 494 1692 28.
521 1658 598 1700 282,
615 1665 644 1692 8.
671 1658 748 1701 305,
767 1665 797 1692 8.

87 1714 166 1756 319,
190 1721 221 1748 s.
259 1713 337 1757 339,
356 1720 410 1748 99.
451 1714 531 1756 458,
551 1721 603 1748 58.
647 1715 797 1756 533,1ο.

88 1771 167 1814 566,
185 1777 240 1806 22.
270 1771 350 1814 764,
373 1777 427 1805 51.
477 1770 636 1818 γυμνικοὶ
670 1770 799 1818 ἀγῶνες

88 1827 167 1871 771,
185 1833 239 1862 2ο.
259 1833 300 1861 35

41 1973 224 2022 δᾳδοῦχος·
257 1973 276 2009 ὁ
301 1974 469 2024 δᾳδοῦχος
491 1981 560 2010 τῶν
583 1972 798 2012 Ἐλευσινίων

88 2033 166 2075 720,
186 2039 216 2072 t,
261 2030 280 2066 ὁ
305 2031 473 2080 δᾳδοῦχος
501 2039 570 2067 τῶν
600 2033 798 2080 ἁγιωτάτων

84 2085 257 2124 Ἐλευσῖνι
278 2089 472 2135 μυστηρίων
500 2091 576 2134 721,
596 2098 611 2125 1

41 2150 234 2195 δαιμόνιος·
281 2152 371 2186 κατὰ
418 2152 591 2197 δαιμόνιον
638 2154 798 2200 βούλησιν

88 2209 167 2251 383,
187 2215 261 2242 175.
303 2207 478 2251 δαιμόνιον
506 2210 582 2253 129,
604 2218 643 2244 10

41 2269 173 2316 δαίμων
198 2269 327 2316 ἀγαθός
352 2271 427 2313 194,
449 2278 500 2305 19.
541 2272 559 2306 ὁ
585 2271 712 2318 ἀγαθὸς
729 2272 799 2307 δαί-

90 2340 163 2372 μων
180 2331 243 2371 τῆς
256 2327 460 2373 οἰκουμένης
473 2325 604 2374 (Νέρων
618 2327 797 2374 Σεβαστός)

26 2424 28 2426 ,
88 2384 168 2427 666,
183 2391 212 2418 3.
254 2383 411 2428 δαίμονες
435 2384 514 2427 383,
530 2391 604 2419 199.
626 2393 701 2420 199.
722 2394 798 2421 199.

90 2447 168 2475 210.
182 2446 258 2474 235.
283 2441 362 2483 404,
375 2447 404 2474 8.
445 2444 517 2478 τοῖς
535 2441 591 2475 ἐπὶ
606 2445 665 2475 τοῦ
682 2440 799 2477 Κατα-

31 2503 36 2515 ³
90 2497 213 2544 ράκτου
227 2497 528 2542 δαίμοσιν130,11.
549 2497 703 2542 δαίμοσιν
715 2498 799 2545 ἐπη-

39 2571 57 2597 7-
87 2554 184 2592 κόοις
215 2554 294 2597 383,
319 2562 371 2587 59.
420 2553 593 2598 δαιμόνων
625 2554 798 2601 ἐπιφανῶν

89 2606 186 2648 θεῖος
208 2610 315 2648 τύπος
340 2611 418 2654 383,
439 2619 491 2645 50.
541 2610 708 2656 δαιμόνων
739 2625 799 2656 με·

89 2666 203 2712 γάλων
236 2666 445 2714 ἐπιφανείαις
481 2669 559 2712 383,
590 2675 643 2702 85.
698 2667 799 2708 ἀξίως

89 2723 199 2770 τύχης
223 2724 309 2771 ἐμῆς
332 2725 391 2758 καὶ
424 2725 593 2770 δαιμόνων
627 2723 800 2772 ὑπεροχῆς

92 2780 170 2822 383,
189 2788 242 2815 74.
287 2781 422 2829 χαλεπὴ
456 2782 590 2826 νέμεσις
616 2781 800 2826 βασιλικῶν

91 2835 261 2882 δαιμόνων
290 2838 439 2884 τιμωρός
471 2839 548 2882 383,
578 2845 652 2872 116.
697 2838 802 2877 ἵλεως

53 2910 55 2912 -
91 2891 254 2937 δαίμονας
289 2894 348 2928 καὶ
380 2893 481 2933 θεοὺς
521 2895 648 2938 πάντας
685 2895 798 2942 ,ἐχέτω

1546 143 1630 186 643

918 275 996 319 383,
1011 282 1088 311 233.
1128 275 1210 312 θεοῦ
1234 276 1369 324 γέγονεν
1387 277 1482 318 οἶκος
1505 279 1544 315 τὸ
1561 285 1631 316 τῶν

918 331 1088 377 δαιμόνων
1111 335 1323 381 καταγώγιον
1347 336 1426 380 610,
1446 344 1461 370 1

871 393 1068 433 δακτύλιος·
1105 395 1140 430 ἐν
1163 401 1237 436 τοῖς
1269 397 1461 438 δακτυλίοις
1493 397 1545 439 οἷς
1569 413 1632 447 φο-

919 455 1012 498 ροῦσι
1029 453 1072 495 (ot
1091 453 1203 500 ἱερεῖς)
1222 455 1342 499 56,23.
1369 456 1424 500 90,
1437 464 1490 492 51.
1524 469 1632 504 σφρα-

916 508 1133 555 γισάσθωσαν
1164 509 1198 546 οἵ
1228 523 1264 546 τε
1295 514 1476 560 στρατηγοὶ
1509 515 1569 550 καὶ
1599 515 1632 551 o!

917 565 1087 605 ἐξετασταὶ
1111 567 1162 612 τῷ
1190 580 1228 602 τε
1255 573 1317 614 τῆς
1348 569 1483 610 πόλεως
1507 571 1632 607 δακτυ-

917 622 981 669 λίῳ
1012 623 1072 658 καὶ
1100 628 1175 664 τοῖς
1209 625 1321 661 αὑτῶν
1352 628 1432 672 229,
1451 636 1505 665 88.
1554 642 1631 664 συν·

916 680 1220 727 σφραγισάσθωσαν
1249 702 1296 708 -
1325 688 1399 722 τοῖς
1426 697 1465 720 τε
1499 686 1631 721 ἑαυτῶν

916 736 1108 776 δακτυλίοις
1135 738 1196 773 καὶ
1228 740 1277 787 τῷ
1307 738 1496 789 ὑπάρχοντι
1525 745 1633 791 κοινῷ

917 794 995 839 229,
1015 802 1054 830 87

870 856 1027 898 δανείζω·
1054 857 1186 904 μηδένα
1200 878 1249 885 -
1263 862 1547 908 παραχωρεῖσθαι
1572 863 1630 899 δά-

916 926 991 949 νεια
1015 914 1037 949 ἃ
1061 915 1111 961 μὴ
1135 915 1237 955 αὐτὸς
1262 916 1296 956 ἐξ
1324 918 1435 965 ἀρχῆς
1459 918 1630 955 ἐδάνεισεν

916 972 1058 1015 669,17.
1091 972 1149 1007 ἐὰν
1163 972 1200 1008 δέ
1211 985 1320 1013 τις-
1332 974 1468 1023 δανείσῃ
1487 977 1630 1022 669,24.

914 1027 938 1074 ἢ
976 1028 1110 1075 φθάσηι
1149 1029 1171 1064 ἃ
1212 1029 1381 1066 ἐδάνεισεν
1420 1034 1631 1079 κομίσασθαι

917 1086 996 1129 669,
1015 1092 1056 1120 24

870 1147 1000 1183 δάνειον
1009 1158 1017 1166 ·
1041 1148 1155 1183 δάνεια
1167 1151 1473 1197 παραχωρούμενοι
1486 1154 1565 1198 669,
1575 1163 1590 1189 1
1599 1163 1629 1190 5.

917 1205 1035 1240 δάνεια
1057 1207 1136 1251 669,
1157 1214 1209 1241 19.
1232 1215 1283 1242 17.
1302 1214 1343 1242 2ο

870 1267 1053 1303 δαπανάω·
1091 1270 1154 1315 τὴν
1191 1269 1226 1304 ἐν
1262 1274 1334 1309 τοῖς
1371 1271 1630 1318 δαπανωμένοις

915 1320 1081 1373 χορηγίαν
1106 1327 1184 1371 339,
1204 1333 1257 1362 28.
1304 1327 1398 1367 ὅπως
1428 1330 1554 1377 ἔχωσιν
1579 1332 1630 1370 εἴς

915 1382 953 1417 τὲ
976 1382 1038 1421 τὰς
1062 1383 1182 1422 θυσίας
1205 1385 1265 1420 καὶ
1287 1385 1327 1420 τὸ
1350 1385 1505 1432 ἄλειμμα
1521 1388 1630 1423 δαπα-

915 1442 976 1473 νᾶν
1009 1441 1064 1484 59,
1090 1449 1142 1476 15.
1193 1442 1304 1477 πάντα
1340 1442 1403 1478 ὅσα
1439 1444 1630 1480 δαπανᾶται

917 1497 994 1539 665,
1014 1503 1055 1532 32

871 1559 1005 1605 δαπάνη
1046 1560 1122 1604 326,
1148 1567 1201 1595 31.
1243 1562 1322 1606 339,
1341 1570 1372 1597 ⁴.
1398 1570 1452 1598 12.
1495 1564 1572 1609 519,
1598 1573 1628 1599 7.

916 1617 994 1660 737,
1021 1625 1051 1652 9.
1112 1617 1257 1652 δαπάναι
1291 1620 1347 1663 90,
1376 1627 1427 1655 11.
1469 1622 1548 1665 339,
1575 1629 1628 1657 91.

915 1675 995 1717 441,
1022 1682 1074 1708 79.
1111 1676 1189 1718 665,
1217 1683 1267 1710 15.
1299 1684 1350 1711 19.
1407 1677 1448 1711 ἐκ
1478 1679 1629 1724 μεγάλας

916 1730 1067 1768 δαπάνας
1079 1730 1128 1769 εἰς
1142 1736 1265 1777 μῖκρον
1279 1733 1442 1780 συνάγαγε
1456 1737 1488 1779 4,
1506 1743 1558 1770 15.
1575 1741 1628 1771 16.

916 1788 1003 1832 μετὰ
1027 1788 1179 1835 μεγάλης
1204 1789 1357 1836 δαπάνης
1380 1791 1440 1825 καὶ
1463 1792 1629 1839 χορηγίας

916 1846 971 1888 56,
992 1852 1044 1880 10.
1084 1849 1160 1883 ταῖς
1185 1845 1284 1891 ἐμαῖς
1310 1847 1477 1886 δαπάναις
1498 1850 1577 1893 415,
1597 1857 1627 1884 2.

915 1901 1067 1940 δαπάνας
1105 1901 1289 1948 ἀργυρικάς
1328 1915 1365 1938 τε
1403 1905 1462 1940 καὶ
1502 1907 1629 1946 σιτικάς

915 1958 971 2002 90,
990 1964 1030 1992 21

870 2021 1054 2067 δαπάνημα
1089 2022 1167 2066 708,
1188 2029 1239 2057 14.
1277 2024 1355 2068 764,
1381 2031 1437 2059 45.
1474 2026 1627 2070 773,11,.

914 2077 980 2112 ὑπό
1004 2091 1040 2112 τε
1063 2083 1125 2125 τῆς
1150 2080 1323 2126 στρατείας
1346 2081 1406 2116 καὶ
1427 2087 1495 2116 τῶν
1521 2084 1630 2118 δαπα-

914 2135 1076 2180 νημάτων
1102 2138 1133 2180 5,
1153 2144 1206 2171 44.
1225 2145 1267 2172 45

868 2188 947 2244 δᾷς·
973 2197 1060 2244 δᾷδα
1084 2198 1228 2233 ίστάνειν
1255 2201 1332 2245 352,
1354 2209 1392 2236 37

870 2261 982 2306 δάφνη
1009 2261 1084 2305 150,
1104 2269 1143 2295 13

870 2323 1032 2370 δαψιλής·
1059 2324 1145 2369 μετὰ
1161 2324 1292 2371 πολλῆς
1310 2326 1368 2360 καὶ
1389 2326 1552 2372 δαψιλοῦς
1570 2326 1628 2362 δα-

915 2381 1025 2426 πάνης
1062 2382 1138 2424 737,
1159 2389 1189 2416 9.
1241 2381 1436 2427 φιλοτιμίας
1473 2383 1627 2430 δαψιλεῖς

916 2439 972 2472 διὰ
989 2437 1063 2483 βίου
1078 2437 1309 2472 καταλιπόντα
1325 2440 1404 2483 529,
1418 2448 1469 2475 19.
1510 2439 1629 2475 ὅπλων

914 2507 950 2529 τε
967 2494 1155 2541 παραθέσει
1172 2494 1397 2543 δαψιλεστέρᾳ
1421 2498 1476 2540 90,
1495 2505 1549 2532 22.
1584 2498 1627 2532 τά

913 2548 939 2585 τ’
959 2552 1007 2589 εἰς
1036 2552 1096 2589 τὰς
1125 2551 1235 2598 ταφὰς
1266 2551 1378 2587 αὐτῶν
1416 2555 1493 2596 (τῶν
1527 2554 1628 2599 ἱερῶν

915 2600 1021 2653 ζῴων)
1046 2606 1246 2653 καθήκοντα
1264 2609 1376 2648 διδοὺς
1394 2609 1547 2654 δαψιλῶς
1570 2611 1629 2644 καὶ

916 2664 1060 2704 ἐνδόξως
1085 2666 1140 2708 90,
1160 2672 1201 2699 32

870 2726 1001 2772 δέησις·
1026 2725 1261 2772 Αὐτοκράτορι
1285 2725 1497 2773 Καίσαρι-
1513 2728 1627 2774 δεήσις

916 2782 1008 2827 παρὰ
1047 2781 1220 2828 Αὐρηλίου
1257 2779 1444 2829 Ἐγλέκτου
1486 2786 1564 2829 519,
1595 2793 1626 2820 6.

916 2843 988 2877 τοῖς
1011 2858 1058 2863 -
1084 2837 1268 2883 Σεβαστοῖς
1298 2841 1391 2886 παρὰ
1420 2845 1480 2876 τοῦ
1507 2845 1627 2876 πιστοῦ

916 2895 1052 2931 Λυκίων
1075 2895 1134 2930 καὶ
1149 2894 1350 2943 Παμφύλων
1375 2898 1495 2937 ἔθνους
1512 2898 1626 2946 δέησις

1283 2966 1349 3000 41*
