1858 3126
25 134 62 165 74
72 131 105 175 8]
561 129 684 162 Aelius
707 129 914 162 Demetrius
938 129 1072 162 rhetor.
1521 131 1601 171 451

91 281 112 314 5
129 265 310 324 Ἱέρακος
338 266 351 324 ΙΙ
380 267 477 322 [το]ὄ
519 265 730 308 συσσίτο03
757 265 989 319 ἀναθέντος,
1023 263 1029 321 Ι
1061 264 1142 320 [τὸν
1171 266 1313 322 φίλον4
1333 266 1502 321 ἑαυτ]ῶν
1536 265 1606 309 καὶ

139 337 305 393 πατέρα.

23 465 133 507 prior.
180 463 371 497 Hominem
405 464 526 505 ipsum
557 471 665 494 nemo
699 461 799 503 quod
831 461 945 493 sciam
975 463 1252 503 commemorat,
1289 471 1373 495 nam
1410 463 1474 504 qui
1510 462 1607 505 apud

22 521 206 555 Laenium
238 521 434 562 Diogenem
459 519 500 559 V,
526 521 567 552 84
606 520 662 552 est
693 516 812 563 ὄγδοος
846 516 864 550 ὁ
899 516 1072 563 διατρίψας
1105 517 1140 551 ἐν
1172 514 1402 564 Ἀλεξανδρείᾳ
1434 518 1608 565 σοφιστής,

20 577 143 625 τέχνας
174 578 350 624 γεγραφὼς
381 575 571 623 ῥητορικάς,
602 585 686 609 eum
722 576 837 608 multo
872 577 1122 618 antiquiorum
1146 578 1356 619 temporum
1381 585 1461 610 esse
1494 579 1609 612 mani·

24 636 157 669 testum
178 636 232 668 est
257 635 342 678 quia
366 635 404 667 in
427 635 738 676 homonymorum
763 633 881 666 indice
898 634 991 666 inter
1008 634 1231 666 Demetrium
1249 634 1464 676 Byzantium
1484 644 1608 668 rerum

23 694 240 736 scriptorem
266 692 396 733 (medio
421 691 566 725 saeculo
591 700 622 724 a.
645 691 727 723 Chr.
752 691 873 732 tertio,
907 690 950 723 cf.
977 691 1157 723 Susemihl
1183 691 1310 724 Gesch.
1335 691 1400 724 der
1424 701 1476 733 gr.
1502 693 1610 726 Litte-

24 752 127 783 ratur
155 751 192 783 in
217 749 281 782 der
304 749 632 782 Alexandrinerzeit
656 749 668 780 1
694 756 729 790 p.
749 748 826 788 62⁰)
858 750 895 780 et
919 748 1145 780 Demetrium
1175 748 1298 780 lxiona
1330 750 1609 790 grammaticum

23 807 220 841 Aristarchi
245 807 319 840 t'ere
342 806 529 848 aequalem
548 805 739 846 (Susemihl
756 805 841 838 ibid.
861 805 889 837 ll
916 814 950 847 p.
970 807 1034 837 464
1050 807 1141 847 sqq.)
1167 805 1327 838 medium
1354 805 1476 838 locum
1502 808 1609 840 tenet.

27 867 47 896 Ξ
76 864 126 898 Cf.
152 874 186 897 u.
204 863 302 897 7444.
349 864 509 906 Apparet
538 862 776 905 philosophos
812 862 968 904 intellegi
999 863 1062 904 qui
1096 863 1132 895 in
1163 862 1286 895 Museo
1319 872 1390 896 una
1421 864 1610 906 cenabam,

25 921 89 964 qui
118 921 257 954 honore
286 919 447 953 afficiunt
478 920 661 952 hominem
695 928 739 952 ex
770 919 838 952 alia
868 919 983 952 Musei
1015 919 1141 962 classe,
1174 921 1215 952 ut
1240 929 1330 953 voce
1360 921 1397 952 in
1427 921 1611 954 hodiernis

26 977 221 1012 academiis
243 979 378 1011 usitata
402 987 478 1011 rem
497 977 706 1020 significem.
827 979 845 1008 3
877 977 1049 1019 Ambigas
1065 979 1190 1010 utrum
1209 977 1277 1010 hoc
1300 977 1346 1011 ad
1370 977 1402 1011 oi
1428 977 1612 1024 φιλόσοφοι

0 1042 9 1053 ²
26 1035 160 1069 referas
185 1036 255 1077 (τοῦ
279 1033 409 1068 ἑαυτῶν
435 1033 602 1074 συσσίτου)
634 1044 678 1067 an
710 1034 755 1067 ad
781 1031 901 1067 Αἴλιον
927 1032 1139 1078 Δημήτριον.
1188 1034 1313 1076 ltaque
1346 1036 1408 1067 aut
1438 1044 1534 1069 unus
1566 1045 1611 1068 ex

26 1093 190 1136 ipsorum
216 1101 368 1125 numero
392 1092 485 1124 hanc
510 1099 656 1133 operam
684 1091 864 1132 praestitit
889 1091 1127 1132 philosophis„
1159 1093 1222 1123 aut
1246 1091 1357 1123 homo
1384 1093 1446 1133 qui
1472 1093 1508 1125 in
1533 1102 1613 1126 ora-

27 1150 148 1183 torum
173 1149 322 1191 syssitio
347 1158 419 1181 una
443 1157 528 1181 cum
554 1149 736 1180 Demetrio
762 1156 890 1179 cenare
921 1147 1071 1179 solebat.
1120 1147 1189 1179 Sed
1221 1147 1308 1180 illud
1343 1148 1431 1180 mihi
1461 1150 1611 1191 quidem

27 1206 254 1248 probabilius
286 1205 440 1238 videtur.
562 1207 578 1236 4
612 1204 796 1246 supplevi.
846 1204 1056 1236 Proximum
1080 1212 1281 1245 pronomen
1314 1205 1386 1237 iam
1421 1206 1614 1239 Mommse-

27 1271 97 1296 nus
121 1263 291 1304 restituit,
324 1262 391 1294 nisi
417 1261 516 1303 quod
541 1259 663 1302 αὐτ]ῶν
689 1260 848 1293 scribere
882 1261 1020 1293 maluit.
1068 1260 1183 1293 Aliam
1215 1261 1311 1293 viam
1342 1262 1527 1303 ingressus
1558 1266 1614 1296 est

27 1320 210 1363 Seymour
233 1319 278 1352 de
302 1319 410 1360 Ricci,
441 1327 524 1351 curn
551 1316 619 1359 [τὸν
650 1315 864 1359 διδάσκαλ]ον
888 1316 1105 1362 natm-repa
1135 1317 1321 1351 scriberet.
1381 1319 1426 1351 At
1452 1321 1611 1361 primum

28 1377 177 1420 quidem
202 1378 284 1410 ante
309 1377 377 1409 ΚΑΙ
404 1376 512 1408 Bottii
537 1375 746 1417 exemplum
772 1384 792 1407 a
810 1376 1036 1408 Mommseno
1062 1384 1277 1417 expressum
1303 1378 1368 1409 ωΝ
1394 1377 1514 1420 habet,
1540 1387 1614 1411 non

29 1435 111 1468 ΟΝ.
160 1433 295 1466 Deinde
317 1442 416 1475 vero,
449 1434 480 1465 si
505 1435 546 1465 ut
579 1441 644 1465 nos
679 1432 830 1465 fecimus
863 1434 948 1474 post
978 1430 1162 1469 ἀναθέντος
1187 1436 1368 1466 commate
1400 1434 1614 1477 distinguas,

29 1491 150 1524 minus
179 1493 262 1533 apte
292 1499 418 1523 omnes
449 1490 656 1532 philosophi
686 1490 748 1532 qui
779 1490 815 1522 in
841 1489 964 1522 Museo
989 1491 1183 1522 versantur
1211 1492 1484 1532 praeceptorem
1511 1501 1615 1534 prae-

31 1547 152 1581 dicant
174 1548 370 1590 hominem,
401 1549 463 1590 qui
489 1549 567 1590 ipse
591 1556 663 1580 non
688 1547 735 1579 sit
759 1547 1011 1589 philosophus,
1042 1547 1105 1580 sed
1129 1547 1262 1580 rhetor.
1311 1548 1371 1580 Sin
1396 1557 1495 1590 vero,
1520 1559 1615 1591 quae

29 1605 176 1638 videtur
200 1605 309 1638 Riccii
340 1613 443 1638 mens
473 1613 565 1646 esse,
595 1606 779 1646 postrema
814 1613 834 1637 a
864 1604 1057 1646 participio
1081 1602 1265 1641 ἀναθέντος
1296 1605 1510 1647 suspendas,
1542 1615 1614 1639 non

0 1685 1 1692 ,
27 1663 129 1707 ..τεοῖο
154 1661 241 1694 haec
266 1662 310 1695 ad
335 1671 418 1694 eum
435 1662 499 1704 qui
523 1662 592 1694 hoc
609 1662 792 1704 negotium
810 1661 1078 1694 administravit
1100 1661 1317 1704 referuntur,
1343 1671 1430 1695 cum
1448 1663 1616 1695 debuerit

29 1713 158 1752 eorum
190 1719 327 1761 potius,
352 1719 414 1760 qui
440 1718 676 1751 dedicationis
701 1720 869 1751 auctores
901 1720 1032 1760 essent,
1063 1727 1147 1750 cum
1178 1719 1360 1751 Demetrio
1390 1719 1615 1752 familiaritas

30 1777 69 1808 et
91 1775 321 1809 necessitudo
346 1776 508 1808 indicari.
549 1776 716 1808 Amicitia
739 1778 775 1808 et
793 1777 966 1818 paternus
987 1776 1131 1808 animus
1153 1784 1237 1817 erga
1262 1776 1501 1818 philosophos
1526 1785 1614 1809 vero

33 1832 143 1865 etiam
165 1833 203 1865 in
226 1841 310 1865 eum
333 1833 519 1865 hominem
543 1833 689 1875 cadunt,
714 1834 778 1874 qui
801 1833 861 1865 alii
885 1833 999 1865 Musei
1025 1833 1131 1865 classi
1155 1834 1336 1874 ascriptus
1361 1832 1478 1865 fuerit.

17 2019 25 2081 ἕ
121 2023 207 2068 713
251 2029 440 2080 Marmor,
472 2029 581 2080 quod
610 2029 821 2067 inventum
852 2028 1016 2080 quidem
1046 2040 1134 2068 esse
1154 2029 1317 2068 videtur
1333 2028 1615 2081 Alexandriae,

20 2107 143 2135 nunc
170 2107 270 2135 vero
301 2099 436 2136 exstat
464 2097 504 2135 in
535 2109 676 2136 museo
707 2097 846 2149 oppidi
882 2094 1019 2136 Cairo.
1073 2097 1143 2136 Ed.
1176 2098 1210 2136 J.
1233 2097 1278 2136 G.
1302 2098 1421 2136 Milne
1449 2098 1617 2137 Journal

37 2163 83 2203 of
108 2163 285 2203 Hellenic
312 2165 462 2204 studies
492 2165 583 2203 XXI
615 2165 717 2204 4904
756 2178 796 2218 p.
821 2165 916 2204 283.
969 2166 1031 2204 Ex
1067 2167 1242 2217 imagine
1272 2165 1564 2218 photographa
1593 2177 1618 2204 a

36 2232 234 2283 Jougueto
263 2233 504 2272 transmissa
524 2233 724 2285 Seymour
745 2235 795 2273 de
816 2235 924 2273 Ricci
946 2234 1096 2274 Archiv
1116 2235 1182 2274 fiir
1204 2234 1618 2287 Papyrusforschung

38 2300 75 2339 11
102 2313 144 2352 p.
167 2298 249 2339 567
281 2312 320 2339 n.
347 2300 440 2339 430.

155 2410 347 2468 Εὐτυχῶς
383 2411 453 2454 καὶ
489 2409 544 2453 ἐπ’
573 2413 758 2467 ἀγαθῶιῙ
789 2412 965 2470 Μάρκωι
1002 2413 1213 2471 Αὐρηλίωι
1250 2413 1516 2457 Μικκάλωνιῖ
1544 2418 1619 2457 τῶι

133 2538 288 2571 Litterae
310 2532 836 2582 ᾹΔΔΘΘᾹΛΜΞΠΟῆ-(ψῦω.
872 2540 1009 2572 Versus
1023 2543 1058 2573 44
1078 2541 1281 2574 maioribus
1297 2541 1426 2573 litteris
1439 2543 1619 2574 exaratus.

38 2595 66 2627 4
88 2593 139 2627 Cf.
162 2603 197 2628 n.
215 2595 311 2628 699⁶.
429 2598 448 2627 2
480 2595 570 2627 Cum
595 2596 626 2627 is
651 2596 716 2637 qui
739 2604 831 2637 opus
848 2596 1030 2629 dedicavit
1052 2598 1213 2639 itemque
1229 2599 1333 2639 pater
1357 2600 1392 2630 et
1415 2606 1506 2630 avus
1522 2599 1621 2629 uter-

45 2657 118 2692 que
140 2652 347 2686 nominibus
371 2650 520 2685 erezae
543 2650 715 2685 Aurelius
747 2654 905 2692 utantur,
937 2654 1113 2694 Seymour
1136 2654 1182 2686 de
1204 2655 1303 2686 Ricci
1335 2654 1433 2696 apud
1458 2654 1621 2686 Milnium

46 2707 144 2740 recte
177 2707 396 2751 observavit,
432 2710 605 2742 familiam
641 2710 733 2742 hanc
768 2710 952 2742 civit-atem
987 2710 1196 2750 Romanam,
1232 2719 1304 2752 qua
1339 2711 1411 2742 iam
1447 2719 1512 2751 per
1547 2711 1621 2742 tres

47 2763 183 2796 aetates
205 2765 385 2808 utebatur,
413 2767 474 2800 illa
506 2767 733 2799 nobilissima
755 2766 986 2808 imperatoris
1010 2766 1180 2799 Antonini
1204 2767 1462 2799 constitutione
1487 2766 1529 2807 (a.
1555 2769 1621 2798 2⁴2

47 2826 84 2860 p.
100 2819 182 2852 Chr.
198 2820 244 2861 n.)
268 2824 409 2856 nactam
433 2833 523 2867 esse,
550 2826 590 2856 ut
614 2824 761 2857 titulum
787 2832 879 2856 anno
905 2826 969 2855 250
988 2832 1023 2865 p.
1040 2823 1120 2856 Chr.
1140 2832 1172 2855 n.
1197 2823 1258 2855 vix
1276 2823 1519 2864 antiquiorem
1543 2831 1623 2856 esse

50 2883 158 2918 posse
180 2877 414 2920 intellegatur.

1282 2947 1348 2981 29*
