1858 3126
199 176 282 218 730
910 151 1061 186 Indices.

1031 285 1061 320 ει
1087 283 1135 329 μή
1160 290 1228 325 pro
1255 275 1359 313 ἄλλοις
1387 273 1449 309 οὐκ
1466 270 1543 317 ἀφῶ
1561 266 1684 304 αὐτοὺς
1699 262 1785 299 ma-
1831 250 1845 306 f

1079 339 1222 384 εσθῆναι
1255 335 1303 373 εἰς
1334 333 1397 378 τὴν
1427 329 1535 372 σκιάν,
1572 325 1602 360 εἰ
1637 324 1686 370 μὴ
1722 321 1787 356 ὑπὸ

1080 397 1181 443 ἡλίου
1208 393 1272 435 ἔξω
1297 391 1376 434 210,
1395 395 1435 422 20
1832 388 1844 399 τ’

1038 476 1317 513 coniunctiones
1333 470 1457 504 finales
1480 468 1516 500 et
1540 460 1794 498 consecutivae

482 301 685 337 Infinitivus

205 371 254 407 εἰς
285 366 424 411 δύναμιν
456 360 544 396 εἶναι
574 357 636 403 τὴν
668 353 778 389 αὑτῶν
811 349 890 392 229,
909 354 962 381 39.

255 425 303 463 εἰς
316 422 455 466 δύναμιν
470 417 559 452 εἶναι
570 414 631 460 τὴν
652 411 738 457 ἐμήν
763 408 840 449 266,
854 412 906 441 31.
923 411 962 437 34

210 517 273 564 πρὸ
302 518 381 561 μιᾶς
404 509 536 557 ἡμέρας
551 506 575 552 ἢ
594 503 752 541 Ἄτταλον
770 499 968 542 τελευτῆσαι

259 574 337 615 435,
358 578 396 605 14

215 666 332 702 ὁσάκις
378 661 527 707 ἔπαρχος
579 653 631 690 ἐπ’
677 650 776 687 αὑτὸν
822 643 974 693 ἀχθέντα

265 721 412 769 ἔφθασεν
445 715 580 764 κρείνας
618 709 788 746 ἀπολῦσαι
823 703 902 746 669,
921 709 974 735 35.

264 780 305 814 τὰ
330 775 495 824 προάστια
516 775 579 818 τῆς
603 767 736 804 πόλεως
762 761 907 808 ἔφθασεν
931 776 977 782 -

266 836 384 881 λαβεῖν
411 832 490 874 669,
509 836 550 862 45

418 904 612 940 Enuntiata
635 898 787 933 relativa

224 966 383 1014 καμήλου
410 964 447 1002 ὃς
470 960 569 997 κενὸς
595 953 742 1003 εἰσαχθῇ
767 950 845 993 629,
864 955 904 983 89

243 1039 524 1077 Coniunctiones
547 1029 768 1074 temporales
793 1027 829 1058 et
852 1031 965 1057 enun-

381 1098 471 1129 tiata
495 1092 541 1126 ab
566 1091 618 1123 eis
643 1084 837 1131 pendentia

233 1155 305 1190 ἐπεί
329 1151 358 1188 τΊ
382 1151 420 1186 ἂν
439 1150 477 1184 δὲ
495 1143 703 1190 συντελεσθῇ
719 1141 757 1176 τὸ
776 1135 990 1183 δεδογμένον,

281 1208 558 1258 ἑπιγραφέτωσαν
584 1203 663 1245 213,
682 1207 735 1233 24.
775 1196 812 1230 τὸ
839 1194 876 1228 δὲ
892 1190 992 1240 ἀργύ-

283 1281 351 1316 ριον
383 1267 422 1301 τὸ
453 1263 501 1302 εἰς
530 1262 592 1307 τὴν
618 1257 735 1293 εἰκόνα
764 1253 891 1293 ἐξελεῖν
914 1249 994 1286 τοὺς

284 1323 485 1365 ἀνατάκτας,
517 1317 591 1354 ἐπεί
621 1313 652 1350 τ’
677 1312 716 1348 ἂν
747 1311 806 1347 καὶ
833 1309 876 1344 τὰ
907 1306 997 1341 ἄλλα

285 1383 451 1431 χρήματα
476 1376 655 1424 μερίσωσιν
681 1371 759 1413 213,
779 1376 819 1403 35

242 1442 307 1479 ἕως
331 1434 612 1484 praepositionis
637 1432 711 1464 ritu
727 1436 814 1461 cum
832 1422 999 1467 genetivo

288 1497 538 1532 coniunctum.
576 1491 605 1523 1.
623 1488 664 1522 de
681 1489 835 1528 tempore
846 1477 1001 1525 passim.

292 1556 324 1588 2.
341 1551 485 1587 deloco:
512 1547 577 1585 ἕως
589 1544 806 1588 Βακτριανῆς
820 1539 1004 1582 54,19.20.

294 1611 360 1648 ἕως
395 1608 532 1654 ψυγμοῦ
572 1603 648 1645 176,
674 1607 726 1634 10.
775 1596 842 1633 ἕως
878 1591 1005 1639 δρόμου

298 1668 374 1711 178,
396 1673 448 1699 11.
496 1662 562 1699 ἕως
597 1664 663 1692 τῶν
698 1652 856 1699 Σαβαίων
892 1651 1008 1697 χώρας

300 1726 376 1768 199,
392 1729 444 1757 29.
487 1719 553 1757 ἕως
568 1719 628 1751 τοῦ
646 1713 803 1757 ποταμοῦ
825 1711 885 1742 τοῦ
902 1704 1011 1749 Αἰσή-

301 1794 364 1817 που
391 1779 469 1822 226,
490 1784 542 1811 49.
591 1772 656 1810 ἕως
685 1775 753 1805 τῶν
787 1756 918 1813 πετρῶν
942 1767 1010 1796 τῶν

302 1839 362 1874 δὺο
377 1838 541 1879 335,113.
569 1831 633 1868 ἕως
644 1831 704 1863 τοῦ
717 1825 827 1871 τάφου
846 1823 1013 1864 335,116,

303 1897 369 1933 ἕως
394 1891 537 1927 σταδίων
564 1887 649 1922 δέκα
678 1884 756 1926 483,
776 1888 828 1916 32.
870 1878 934 1916 ἕως
954 1879 1016 1920 τῆς

304 1953 429 1998 πέτρας
453 1949 531 1991 672,
552 1954 604 1992 10.
630 1943 708 1985 673,
728 1948 744 1974 8

259 2026 540 2063 coniunctiones
557 2015 823 2053 condicionales
847 2013 883 2044 et
907 2016 1019 2042 enun-

415 2083 503 2114 tiata
528 2078 573 2111 ab
598 2077 650 2108 eis
675 2070 868 2115 pendentia

264 2141 322 2176 ἐὰν
349 2140 387 2174 δὲ
413 2138 429 2173 ὁ
448 2135 616 2178 δεσπότης
635 2129 683 2175 μὴ
700 2127 854 2171 ποιήσειε
880 2123 1022 2164 515,33.

310 2216 357 2223 —-
381 2194 413 2229 εἴ
437 2205 475 2240 γε
509 2189 690 2235 οὶῳδήπως
719 2183 836 2228 τρόπῳ
871 2175 1025 2224 παραβα-

313 2254 419 2290 θῶσιν
453 2250 486 2285 οἱ
515 2247 614 2282 τύποι
645 2247 710 2288 τῆς
739 2237 910 2285 ἡμετέρας
935 2233 1027 2268 εὐσε-

317 2310 409 2356 βείας
434 2308 511 2350 521,
530 2312 561 2338 4.
610 2300 639 2335 εἰ
666 2297 850 2347 ρᾳθυμήσῃ
877 2292 954 2334 521,
975 2296 1027 2323 15.

316 2387 363 2393 —-
389 2365 446 2400 ἐὰν
471 2361 631 2408 πρόνοιαν
655 2361 721 2390 τῶν
743 2348 822 2387 κατι
842 2350 916 2387 ἔτος
941 2346 1029 2381 διδο-

322 2424 432 2469 μένων
469 2420 517 2457 εἰς
556 2417 619 2461 τὴν
662 2410 825 2458 μίσθωσιν
863 2403 1030 2452 δηναρίων

322 2477 500 2514 διακοσίων
564 2471 777 2516 πεντήκοντα
844 2457 1032 2507 ποιήσασθε

326 2538 404 2580 595,
428 2542 463 2569 13

936 2690 1210 2701 ,ζῇ-ἐ-

1040 593 1096 628 ἵνα
1133 601 1199 635 pro
1237 588 1329 624 ὅπως
1364 585 1450 628 post
1484 579 1597 614 verba
1628 573 1796 610 eui-andi:
1841 572 1846 613 [

1209 185 1781 207 -----——--—·—··-—-—-‘
1823 174 1846 188 v3

1109 537 1145 568 et
1169 531 1354 567 enuntiata
1379 526 1424 561 ab
1449 525 1502 557 eis
1526 519 1719 564 pendentia

1091 643 1381 693 ἐπιμελείσθωσαν
1412 639 1470 675 ἵνα
1509 636 1542 671 οἱ
1579 633 1693 679 κύριοι
1730 629 1800 674 (τὰς
1845 635 1856 666 53³

1092 702 1286 750 δεξαμενάς)
1313 697 1451 745 στεγνάς
1482 692 1701 740 παρέχωνται
1724 687 1803 730 483,
1838 679 1858 731 ’ξ

1097 770 1171 798 194.
1242 754 1512 803 ἐπιμελούμενος
1563 745 1608 784 ἵν’
1653 743 1805 793 ὑγιαίνῃς
1830 732 1858 790 {J

1098 820 1174 862 168,
1194 824 1247 852 30.
1287 808 1576 857 συνεπιμελήθητι
1591 803 1650 840 οὖν
1673 802 1730 837 ἵνα
1752 800 1808 846 γέ-
1844 788 1858 846 Ξ

1097 888 1199 924 νηται
1221 871 1310 908 κατὰ
1331 869 1457 916 τρόπον
1483 866 1562 908 214,
1580 869 1633 897 25.
1672 859 1730 894 ἵνα
1747 857 1809 903 μὲν
1843 847 1858 892 3

1100 934 1159 969 οὖν
1184 932 1243 966 καὶ
1268 928 1317 967 εἰς
1338 927 1378 962 τὸ
1401 923 1521 960 λοιπὸν
1551 918 1704 966 τυγχάνῃ
1728 914 1812 949 ποίν-
1842 896 1858 969 Ξ

1101 1003 1169 1026 των
1194 993 1263 1023 τῶν
1287 985 1336 1023 εἰς
1358 981 1461 1028 τιμὴν
1477 977 1536 1013 καὶ
1552 976 1651 1016 δόξαν
1667 971 1814 1018 ἀνηκόν-

1103 1060 1183 1091 των,
1219 1044 1303 1090 ἡμῖν
1340 1040 1433 1075 ἔσται
1468 1033 1628 1081 ἐπιμελές
1662 1030 1742 1074 244,
1762 1036 1814 1063 18.
1842 1024 1845 1056 ἶ

1106 1100 1334 1152 προνοηθήτω
1355 1096 1413 1132 ἵνα
1438 1096 1484 1132 ὡς
1500 1091 1684 1128 κάλλιστος
1707 1084 1817 1134 σταθῇ
1838 1074 1844 1122 ’ζ’

1109 1162 1188 1205 339,
1208 1166 1284 1194 105.
1324 1151 1457 1189 διδῶσίν
1488 1162 1526 1185 τε
1561 1145 1729 1195 ἐργασίαν,
1762 1142 1843 1177 ἵνα”

1110 1222 1217 1253 ταῦτα
1234 1214 1344 1251 οὕτως
1359 1211 1516 1258 γίνωνται
1532 1206 1696 1249 441,109.
1737 1202 1822 1244 post
1836 1204 1839 1208 ’

1113 1277 1226 1311 verba
1249 1269 1413 1306 iubendi:
1439 1266 1491 1301 διὸ
1501 1262 1634 1299 κελεύω
1650 1262 1724 1297 τοῖς
1735 1247 1838 1295 καὶᾶ]

1113 1333 1218 1379 νομὸν
1251 1326 1454 1374 στρατηγοῖς
1481 1321 1540 1357 ἵνα
1570 1338 1612 1345 -
1641 1319 1749 1352 ταῦτα
1777 1310 1842 1356 εἰς’

1115 1391 1176 1436 τὴν
1203 1385 1368 1433 προτέραν
1392 1379 1482 1420 τάξιν
1505 1360 1843 1418 ἀποκαταστήσωσινῗ

1118 1448 1196 1490 669,
1217 1452 1269 1479 49.
1310 1442 1405 1477 ὅπως
1428 1437 1453 1483 ἡ
1478 1433 1668 1482 σύγκλητος
1696 1429 1748 1474 τῷ
1769 1416 1845 1473 (ip-f

1118 1516 1215 1553 χοντι
1238 1502 1287 1547 τῷ
1316 1497 1364 1536 εἰς
1387 1493 1492 1531 Ἀσίαν
1525 1486 1746 1537 πορευομένῳ
1777 1482 1846 1526 ἐνήθ-

1119 1561 1223 1598 τολάς
1247 1557 1310 1602 δῷ,
1333 1554 1390 1590 ἵνα
1415 1548 1576 1599 φροντίσῃ
1599 1545 1658 1581 καὶ
1680 1539 1858 1587 &nimpe-24

1124 1619 1191 1666 φὴν
1222 1614 1410 1660 ποιήσηται
1438 1608 1519 1649 441,
1545 1612 1600 1639 60.
1649 1591 1858 1654 γράμματαέ

1126 1671 1322 1718 ἀποστείλῃ,
1345 1669 1403 1704 ’ίνα
1425 1667 1587 1700 τοσοῦτον
1611 1658 1710 1695 τέλος
1728 1654 1858 1702 Eum-'41⁴3

1126 1733 1314 1768 τονικεῦσιν
1354 1724 1496 1759 τελῶσιν
1536 1719 1615 1761 441,
1651 1722 1725 1749 106.
1787 1706 1858 1759 Cfs]

1130 1791 1240 1824 etiam
1264 1785 1343 1827 266,
1365 1789 1416 1815 13.
1442 1779 1521 1820 441,
1541 1782 1593 1810 οἳ.
1612 1781 1653 1808 93

1085 1881 1127 1918 ἵν’
1151 1880 1210 1915 ἐάν
1233 1890 1267 1912 τι
1291 1874 1383 1920 παρὰ
1411 1872 1449 1906 τὸ
1480 1868 1608 1903 δίκαιον
1637 1845 1858 1908 λελογευμὲ-ῙῘ

1133 1949 1191 1973 νον
1216 1934 1240 1981 ἢ
1265 1928 1500 1979 πεπραγμένον
1525 1920 1560 1972 ᾖ,
1583 1925 1683 1957 τοῦτο
1702 1915 1858 1963 διορθώμ-

1138 2004 1240 2039 σομαι
1265 1990 1341 2032 665,
1362 1994 1400 2020 37

1091 2086 1148 2121 ἵνα
1170 2085 1229 2117 τοῦ
1253 2080 1296 2114 τὰ
1321 2077 1384 2112 ὅλα
1413 2070 1675 2115 συντελεσθῆναι
1705 2065 1767 2111 τὴν
1790 2068 1858 2103 ταδ’1

1139 2139 1260 2189 χίστην
1287 2138 1318 2180 5,
1339 2142 1379 2168 15

1370 2193 1577 2204 ——..-.--

1097 2234 1183 2268 ὥστε
1207 2230 1231 2276 ἡ
1249 2224 1462 2274 δημοκρατία
1477 2217 1676 2265 κατασταθῇ
1695 2215 1774 2258 218,
1788 2192 1858 2265 ηαξ

1319 2341 1413 2374 Ordo
1439 2337 1637 2372 verborum

1102 2404 1136 2438 ἐν
1160 2403 1203 2449 τῇ
1227 2397 1287 2434 ὑπ’
1304 2397 1389 2442 ἐμοῦ
1415 2393 1524 2439 στήλῃ
1548 2385 1748 2431 ἀνατεθείσῃ
1778 2362 1858 2447 Ἰθᾶέ

1151 2466 1205 2493 20.
1243 2458 1317 2493 τοῖς
1348 2451 1440 2498 παρὰ
1467 2451 1528 2483 τοῦ
1560 2447 1673 2492 δήμου
1697 2451 1780 2486 πρεσ

1151 2519 1226 2553 ταῖς
1251 2511 1408 2548 ἐλθοῦσιν
1434 2507 1512 2550 771,
1533 2511 1572 2540 16
1782 2438 1858 2570 Ἴ

1848 2745 1858 2770 ξ]
