1858 3126
611 140 783 173 Addenda
806 143 844 172 et
867 139 1094 181 Corrigenda.
1559 140 1643 180 549

149 281 303 323 vestigia
325 287 407 313 esse
430 288 525 322 quae
551 288 624 312 non
648 278 865 312 conveniant
887 285 972 310 cum
998 277 1254 320 supplemento
1278 274 1469 319 [woelfflan
1501 275 1547 309 de
1570 284 1644 318 quo

151 338 231 380 ipse
258 337 482 379 cogitaverit.
522 335 583 369 Vs.
602 338 639 368 84
669 337 714 368 ut
744 335 927 368 restitutio
958 333 1030 376 [τοῦ
1054 333 1300 378 προσήιοῙντος
1330 331 1417 378 ἡμῖν
1446 330 1535 367 aaz&
1568 342 1646 377 συγ·

150 392 282 439 γένειαν
305 393 591 435 confirmaretur,
623 392 744 426 afferri
768 392 933 435 potuisse
956 392 1066 424 etiam
1092 391 1216 434 Polyb.
1233 391 1291 434 lv,
1310 393 1364 433 ³5,
1383 393 1445 423 ⁴³:
1476 388 1646 433 ἀπωτέρω

151 450 214 495 μὲν
235 454 306 484 τῶν
330 449 595 497 προειρημένων,
619 447 860 495 προσηκόντων
884 446 924 481 δὲ
946 446 1036 482 κατὰ
1058 446 1165 494 γένος.
1213 448 1275 481 Vs.
1294 450 1336 481 35
1363 447 1646 481 ΑΝΑΤΕΘΗΤΩ

141 510 331 551 integrum
356 509 393 541 et
416 510 514 541 mete
539 507 718 550 scriptum
740 507 778 539 in
802 505 922 548 lapide
946 507 1089 539 exstare
1114 506 1270 539 testatur
1294 505 1479 538 Holleanx.
1519 504 1581 537 Vs.
1602 505 1645 535 ⁸6

150 564 280 612 φανερὰ
300 563 433 611 γίνηται
457 565 614 598 incisum
630 572 712 597 esse
728 563 837 597 refert
853 563 961 605 idem,
986 571 1042 595 vs.
1061 565 1103 596 ³8
1133 562 1242 608 [πρ]ὸς
1264 561 1328 607 τὴν
1352 560 1504 607 ἀδελφὴν
1527 559 1646 606 προαί-

150 633 249 668 ρεσις.
296 623 443 655 Praeter
465 622 531 655 has
554 621 769 655 utilissimas
799 621 1027 662 singulorum
1052 620 1218 653 locorum
1248 618 1523 652 emendationes
1556 626 1644 651 vero

151 680 248 713 idem
278 679 389 714 homo
420 679 658 712 doctissimus
686 678 731 711 de
761 679 839 711 toto
869 679 1108 711 monumento
1138 677 1189 710 ita
1218 676 1430 719 disputavit,
1461 678 1503 709 ut
1532 675 1647 708 Soko-

150 736 302 770 lowium
325 735 445 778 (Beitr.
462 744 529 768 zur
543 735 640 768 alten
657 735 784 768 Gesch.
801 734 848 767 IV
872 743 908 777 p.
926 736 991 767 407
1006 734 1098 776 sqq.)
1123 736 1160 767 et
1175 734 1421 776 Laqueurium
1446 732 1647 773 (Quaestio-

153 801 218 826 nes
246 793 499 836 epigraphicae
529 794 567 826 et
589 792 874 836 papyrologicae
904 791 1059 825 selectae
1092 800 1127 834 p.
1152 793 1194 824 68
1208 790 1299 834 sqq.)
1330 790 1368 823 id
1398 790 1576 823 Antiocho
1601 789 1646 821 lll

153 850 281 892 Hagno
327 849 530 883 tribuentes
575 858 619 883 eo
660 849 808 892 quidem
855 849 1002 882 nomine
1045 856 1187 882 errasse
1228 848 1504 888 demonstraret,
1548 846 1645 888 quod

152 909 345 949 negassent
381 906 427 940 ad
455 906 676 940 Antiochum
708 906 738 938 11
774 906 890 939 Deum
924 905 1049 938 referri
1079 905 1197 947 licere,
1234 904 1299 938 sed
1334 906 1485 937 eatenus
1517 912 1646 936 verum

149 963 296 1007 vidisse,
330 965 374 997 ut
409 972 525 1007 aeque
560 964 653 997 bene
690 963 735 997 de
765 964 943 996 Antiocho
974 963 1021 995 111
1060 963 1213 1004 cogitari
1243 962 1426 996 docerent.
1477 961 1511 994 Si
1549 960 1647 993 illius

148 1023 259 1064 esset,
292 1023 376 1054 ante
407 1030 439 1063 a.
467 1023 534 1054 248
558 1030 589 1054 a.
606 1020 689 1054 Chr.
713 1021 961 1063 compositum
997 1028 1088 1062 esse,
1124 1020 1156 1052 si
1186 1020 1306 1060 huius,
1342 1019 1438 1051 intra
1467 1026 1646 1051 annorum

151 1080 334 1111 224-492
358 1087 390 1111 a.
408 1078 489 1111 Chr.
514 1079 685 1120 spatium.
733 1077 824 1110 Nam
849 1077 990 1110 nullum
1023 1077 1231 1110 accuratius
1261 1076 1438 1118 temporis
1471 1074 1646 1108 indicium

149 1135 279 1177 inesse,
311 1135 381 1168 nisi
405 1134 505 1177 quod
537 1143 582 1167 ex
605 1134 777 1167 Laodices
807 1135 951 1176 reginae
982 1134 1164 1166 mentione
1194 1134 1387 1175 appareret
1417 1140 1535 1174 neque
1566 1134 1648 1164 ante

151 1192 231 1225 eius
254 1193 400 1234 nuptias
416 1200 534 1234 neque
551 1193 635 1233 post
650 1192 730 1224 eius
748 1193 903 1223 mortem
920 1191 1010 1222 haec
1025 1190 1162 1232 scripta
1178 1198 1269 1223 esse.
1309 1189 1419 1231 Atqui
1437 1188 1482 1221 de
1498 1188 1646 1221 conubii

153 1249 303 1290 quidem
326 1250 492 1291 tempore
507 1247 650 1290 Polybii
665 1247 708 1289 V,
726 1249 780 1289 43,
799 1249 891 1279 4-4
917 1247 1128 1279 testimonio
1154 1248 1333 1287 constare,
1358 1247 1540 1279 mortuam
1560 1254 1647 1278 vero

153 1314 234 1339 esse
268 1308 352 1338 ante
386 1306 544 1338 hiemem
581 1303 680 1348 49214
714 1314 747 1347 p.
778 1304 859 1337 Chr.
896 1309 963 1346 per
972 1312 1112 1346 *quam
1152 1312 1216 1336 rex
1258 1303 1444 1336 Euboeam
1481 1302 1647 1345 Cleopto-

151 1363 237 1396 lemi
268 1362 513 1396 Chalcidensis
551 1361 662 1395 filiam
693 1370 847 1394 uxorem
881 1361 1047 1394 duxisset
1077 1360 1214 1403 (Polyb.
1242 1360 1319 1403 XX,
1350 1363 1382 1402 8,
1411 1363 1426 1392 4
1444 1368 1523 1402 sqq.
1572 1359 1647 1392 Liv.

153 1418 313 1460 XXXVI,
333 1421 388 1461 44,
405 1421 436 1451 4.
454 1419 498 1459 a).

62 1476 98 1509 P.
117 1477 181 1510 354
206 1485 240 1509 n.
259 1477 327 1509 224
350 1477 424 1509 not.
441 1478 474 1508 4.
521 1475 629 1514 Quod
653 1476 781 1517 negavi
797 1475 1044 1508 Ptolemaeum
1069 1474 1276 1517 Lysimachi
1300 1474 1396 1516 regis
1420 1473 1535 1507 filium
1560 1482 1648 1507 eun·

153 1532 237 1566 dem
260 1541 340 1566 esse
363 1541 448 1566 cum
471 1533 533 1566 illo
557 1533 755 1566 Ptolemaei
774 1532 995 1574 Philadelphi
1019 1531 1105 1574 filio,
1130 1541 1241 1574 quem
1265 1531 1407 1573 Trogus
1431 1531 1523 1574 prol.
1542 1533 1586 1563 26
1612 1533 1647 1563 et

151 1590 357 1624 Athenaeus
380 1590 472 1632 xm,
496 1592 561 1623 5⁹8
574 1587 632 1624 ab
660 1589 793 1632 Ephesi
825 1599 846 1622 a
883 1591 987 1632 patre
1020 1589 1194 1622 defecisse
1231 1590 1267 1621 et
1298 1587 1528 1621 intersectum
1566 1596 1647 1620 esse

152 1646 336 1688 referrent,
349 1648 447 1680 recte
462 1655 523 1679 me
539 1646 720 1679 iudicasse
737 1655 834 1679 nunc
849 1647 1002 1688 constat,
1019 1654 1104 1679 cum
1121 1646 1320 1679 Holleauxii
1337 1646 1532 1687 sagacitate
1549 1647 1647 1687 pate-

153 1703 291 1737 laetum
313 1705 361 1737 sit
389 1704 441 1736 illi
466 1704 670 1737 Ptolemaeo
695 1703 901 1745 Lysimachi
933 1703 1007 1736 filio
1040 1703 1086 1736 ab
1110 1703 1287 1744 Euergeta
1310 1702 1486 1735 Telmessi
1515 1703 1648 1744 princi-

153 1762 281 1803 patum
305 1761 431 1794 datum
455 1769 547 1794 esse.
587 1761 637 1794 Cf.
661 1760 743 1794 add.
768 1761 815 1794 ad
837 1770 871 1794 n.
891 1764 944 1794 55.
986 1761 1079 1794 Eum
1095 1769 1183 1793 vero
1208 1760 1394 1792 hominem
1419 1760 1526 1792 cuius
1549 1759 1647 1801 apud

153 1817 296 1851 Livium
318 1818 494 1861 XXXVII,
512 1821 567 1860 56,
586 1820 604 1851 4
629 1819 666 1851 in
690 1818 801 1852 rebus
825 1819 909 1851 anni
935 1821 1000 1851 489
1025 1827 1061 1860 p.
1078 1818 1173 1859 Chr„
1197 1817 1262 1850 ubi
1286 1817 1502 1859 simpliciter
1524 1816 1647 1849 Ptole-

154 1883 281 1908 maeus
292 1875 511 1909 Telmessias
524 1875 737 1918 appellatur,
750 1878 786 1908 et
800 1877 836 1908 in
850 1875 1015 1908 eiusdem
1029 1875 1114 1907 anni
1128 1874 1263 1907 tabulis
1280 1873 1520 1906 traditionum
1535 1873 1646 1906 Deliis

153 1931 257 1974 Syll.²
272 1935 350 1975 ⁵88,
367 1934 422 1966 94.
439 1936 495 1974 95,
518 1932 583 1965 ubi
600 1929 814 1976 Πτολεμαίου
830 1934 892 1965 τοῦ
908 1930 1114 1978 Λυσιμάχου
1138 1931 1279 1973 legitur,
1303 1931 1440 1964 mentio
1456 1930 1508 1973 fit,
1532 1931 1647 1963 mani-

153 1989 246 2022 festo
269 1999 343 2023 non
365 1989 467 2022 illum
491 1990 699 2032 Lysimachi
723 1990 818 2031 regis
842 1989 968 2031 filium,
994 1988 1059 2022 sed
1073 1989 1154 2021 eius
1169 1997 1214 2021 ex
1230 1988 1303 2021 filio
1320 1990 1493 2030 nepotem
1510 1996 1647 2030 cogno-

155 2047 290 2079 ussnem
314 2055 404 2080 esse.
452 2047 544 2080 Cum
566 2056 656 2080 vero
681 2047 843 2080 edictum
867 2055 902 2079 n.
919 2048 986 2079 224
1013 2048 1075 2078 aut
1099 2045 1146 2078 ab
1170 2046 1346 2079 Antiocho
1363 2046 1393 2078 11
1417 2047 1556 2079 antea.
1578 2047 1644 2077 248

155 2111 187 2135 a.
205 2103 287 2136 Chr.
312 2104 490 2146 scriptum
515 2105 563 2137 sit
586 2106 650 2137 aut
673 2104 720 2137 ah
744 2104 921 2137 Antiocho
938 2104 985 2135 111
1009 2104 1104 2136 intra
1127 2111 1242 2136 annos
1266 2104 1448 2135 224-492
1466 2102 1586 2135 a.Chr.
1600 2111 1646 2142 n.‚

154 2160 279 2192 utrum
296 2160 355 2193 hic
370 2161 596 2194 Ptolemaeus
613 2161 824 2203 Lysimachi
840 2160 874 2202 f.,
899 2161 1088 2193 Berenices
1105 2162 1218 2202 pater,
1241 2168 1333 2192 avus
1350 2168 1396 2192 an
1412 2167 1527 2201 nepos
1543 2158 1647 2191 intel-

154 2216 326 2257 legendus
349 2219 446 2250 esset
469 2217 684 2259 ambiguum
708 2226 788 2251 esse
805 2218 957 2250 monuit.
1003 2216 1095 2250 Nam
1112 2219 1195 2250 ante
1219 2226 1251 2250 a.
1269 2218 1335 2249 248
1362 2216 1512 2258 quidem
1537 2217 1646 2257 atque

154 2273 345 2305 etiamtum
368 2275 547 2315 proximis
569 2276 654 2316 post
677 2284 708 2307 a.
725 2277 786 2307 224
809 2275 913 2307 annis
937 2274 1097 2307 maxima
1120 2283 1205 2307 cum
1230 2273 1490 2315 probabilitate
1514 2271 1559 2304 de
1576 2280 1646 2305 avo

156 2330 320 2371 cogitari,
352 2329 415 2362 sed
440 2331 471 2362 si
495 2330 622 2363 titulus
646 2332 683 2363 in
706 2332 929 2373 posteriores
952 2331 1121 2364 Antiochi
1144 2331 1191 2362 lll
1221 2338 1336 2363 annos
1366 2329 1552 2370 incideret,
1586 2337 1647 2361 ne-

154 2388 312 2419 cessario
337 2388 508 2429 nepotem
531 2388 656 2429 potius
680 2388 869 2421 Berenices
893 2389 1035 2430 patrem
1059 2387 1270 2421 habendum
1294 2395 1386 2419 esse.

65 2443 102 2476 P.
119 2445 184 2475 443
213 2453 248 2476 n.
265 2446 343 2476 253.
390 2443 554 2476 Wilcken
583 2444 715 2477 Archiv
744 2444 804 2477 fiir
834 2445 1196 2487 Papyrust'orschung
1225 2445 1272 2476 111
1303 2453 1339 2486 p.
1364 2446 1429 2476 335
1462 2443 1647 2484 aliquanto

154 2500 319 2533 latiorem
343 2500 455 2532 fuisse
479 2500 636 2542 lapidem
659 2501 803 2543 conicit,
827 2510 938 2543 quam
963 2501 1221 2543 Hanssoullier‚
1253 2500 1417 2541 Koehler,
1447 2508 1515 2532 nos
1547 2507 1648 2531 sum-

155 2558 348 2599 pserimus.
388 2557 483 2590 Nam
507 2566 542 2589 v.
560 2560 574 2588 4
605 2555 699 2598 ineos
719 2553 953 2603 Ἐπιφανοῦς],
977 2568 1012 2591 v.
1030 2562 1050 2591 5
1075 2556 1219 2601 [βασιλεῖ
1241 2554 1413 2602 Ἀντιόχῳ]
1438 2556 1647 2589 desiderari.

157 2613 262 2652 Quod
284 2616 326 2646 ut
350 2623 421 2647 non
446 2614 649 2655 negandum
674 2617 741 2655 est,
771 2615 825 2647 sic
853 2615 932 2647 aliis
956 2615 1051 2647 locis
1078 2623 1183 2656 aegre
1207 2615 1410 2647 restitueris
1435 2622 1528 2654 quae
1558 2612 1648 2645 illud

158 2670 315 2712 amplius
330 2671 490 2712 spatium
508 2670 701 2703 commode
717 2670 895 2712 expleant,
918 2672 1078 2703 maxime
1101 2680 1136 2703 v.
1154 2674 1186 2702 2.
1205 2673 1224 2702 3
1249 2669 1407 2711 κτίσ1ζτου]
1425 2672 1487 2713 τῆς
1503 2666 1647 2705 πόλεως.

158 2726 276 2765 Quare
299 2728 422 2760 nescio
449 2737 494 2760 an
517 2727 646 2759 titulus
669 2727 849 2768 inaequali
872 2727 1097 2768 longitudine
1121 2735 1252 2759 versus
1276 2726 1454 2759 habuerit.

53 2781 105 2814 .=P.
122 2784 187 2815 425
218 2792 252 2815 ιι.
275 2786 352 2816 262.
399 2783 540 2817 Nomen
570 2782 714 2828 κάτοχοι
744 2791 803 2815 me
838 2791 1029 2825 perperam
1066 2783 1294 2823 intellexisse,
1331 2782 1418 2823 quia
1452 2782 1650 2814 immemor

158 2847 277 2871 essem
306 2848 534 2881 papyrorum
558 2840 704 2882 Serapei
736 2839 838 2881 quod
862 2839 1019 2881 Memphi
1042 2841 1130 2880 erat,
1162 2840 1303 2871 monuit
1326 2838 1491 2870 Wilcken
1514 2838 1649 2870 Archiv

159 2894 218 2927 fiir
240 2896 602 2938 Papyrusforschung
624 2898 673 2929 111
698 2906 732 2939 p.
752 2899 829 2929 335.
877 2896 953 2928 lllic
982 2895 1132 2929 eandem
1157 2904 1287 2928 vocem
1319 2903 1507 2928 recurrere
1530 2903 1649 2937 neque
