1858 3126
71 160 153 204 587]
669 157 823 200 Tripolis
848 158 1056 191 Phoenices.
1565 158 1649 199 279

184 295 429 354 Τριπολιτῶν
483 299 554 351 τῆς
602 295 606 352 Ι
654 296 906 351 ‹herveium-,23
958 299 1030 352 τῆς
1081 297 1190 354 ἱερᾶς
1247 299 1316 342 καὶ
1367 299 1531 356 ἀΙσόλου
1579 298 1649 341 καὶ

137 377 157 409 5
186 366 406 421 αὐτονόμου
445 363 451 422 ί
489 364 558 407 καὶ
603 365 872 421 ναυαρχίδος2
916 365 954 406 οἱ
997 363 1199 422 ἄρχονΗτες
1243 367 1313 410 καὶ
1347 370 1373 424 ἡ
1413 368 1536 425 βουλὴ
1579 366 1649 410 καὶ

182 435 204 476 ὁ
233 436 360 490 δῆμος
399 432 404 489 Ι
443 432 629 490 Αἰμίλιον
664 430 874 489 Ἰοΰγκον3,
921 434 1182 492 πρεσβευίτὴν
1221 435 1425 494 Σεβαστοῦ
1462 435 1532 479 καὶ
1581 437 1649 479 ἀν-

182 501 491 559 τιστράΙτηγον4,
527 501 593 544 τὸν
630 502 782 545 ἑαυτῶν
819 501 1017 559 πολείΙτην
1061 503 1131 546 καί
1174 505 1398 561 εὐεργέτην,
1445 505 1649 562 εὔχαρισΗ-

156 618 311 663 Litterae
334 630 502 672 volgares
526 630 671 672 praeter
694 630 805 663 ΘΠΣ.
924 631 938 661 4
970 629 1019 662 Ci'.
1044 630 1189 663 Diodor.
1213 631 1304 674 XVl,
1330 634 1384 675 44,
1407 635 1438 665 4:
1474 630 1563 665 κατὰ
1585 631 1648 677 τὴν

66 683 228 733 Φοινίκην
263 685 335 721 ἐστὶ
365 685 465 725 πόλις
496 684 670 732 ἀξιόλογος
705 684 815 731 ὄνομα
845 683 1020 731 Τρίπολις,
1057 685 1186 721 οἰκείαν
1222 687 1350 736 ἔχουσα
1383 688 1428 736 τῇ
1457 688 1558 735 φύσει
1585 688 1648 735 τὴν

64 742 310 792 προσηγορίαν·
345 747 438 789 τρεῖς
471 742 536 791 γάρ
566 742 649 777 εἰσιν
685 743 720 778 ἐν
752 742 839 790 αὐτῇ
870 742 988 782 πόλεις
1018 743 1191 779 σταδιαῖον
1229 741 1282 779 ἀπ’
1308 744 1471 791 ἀλλήλων
1509 745 1650 792 ἔχουσαι

63 801 255 847 διάστημα·
278 800 494 836 ἐπικαλεῖται
518 799 556 835 δὲ
578 800 708 835 τούτων
731 799 755 846 ἡ
782 800 844 846 μὲν
868 797 1038 846 Ἀραδίων,
1062 800 1086 846 ἡ
1111 801 1150 836 δὲ
1174 799 1357 846 Σιδωνίων,
1391 801 1414 848 ἡ
1441 802 1479 837 δὲ
1502 801 1647 848 Τυρίων.

62 857 196 904 ἀξίωμα
227 854 251 893 δ’
281 857 354 906 ἔχει
383 857 539 906 μέγιστον
572 856 659 905 αὕτη
689 862 757 892 τῶν
789 857 878 892 κατὰ
907 858 972 904 τὴν
995 856 1157 906 Φοινίκην
1188 859 1333 903 πόλεων,
1364 859 1400 894 ἐν
1431 853 1454 906 ᾗ
1477 859 1649 905 συνέβαινε

62 915 142 954 τοὺς
175 913 336 954 Φοίνικας
371 914 544 962 συνέδριον
580 915 672 963 ἔχειν
708 914 767 949 καὶ
796 914 1020 960 βουλεύεσθαι
1051 916 1128 961 περὶ
1157 922 1227 951 τῶν
1259 916 1438 963 μεγίστων.
1485 919 1648 951 Primum

63 976 376 1013 commemoratur
398 975 436 1006 in
460 973 602 1016 periplo
627 973 789 1016 Scylacis
813 974 877 1016 qui
902 973 1016 1007 fertur
1038 983 1070 1007 c.
1096 977 1160 1007 404
1188 975 1328 1018 (Geogr.
1355 976 1412 1008 Gr.
1438 976 1452 1008 1
1477 985 1512 1018 p.
1531 978 1585 1018 78,
1607 978 1647 1007 40

64 1030 212 1074 Miiller),
237 1030 365 1065 deinde
388 1030 487 1074 apud
510 1031 738 1074 geographos
762 1030 976 1064 Strabonem
1000 1031 1094 1074 XVI,
1111 1034 1143 1074 2,
1163 1035 1205 1065 45
1231 1041 1264 1074 p.
1284 1034 1361 1065 784.
1400 1035 1441 1064 46
1467 1041 1502 1075 p.
1521 1035 1585 1065 755
1613 1034 1650 1064 et

62 1088 191 1122 Melam
207 1089 233 1131 1,
252 1090 305 1131 ⁴2,
324 1090 365 1121 67
391 1090 427 1121 et
457 1088 554 1131 apud
579 1088 732 1121 Plinium
756 1087 798 1121 N.
822 1088 905 1121 hist.
923 1088 964 1130 V,
985 1091 1038 1121 78.
1063 1088 1121 1130 VI,
1140 1091 1218 1131 243,
1249 1089 1405 1131 denique
1437 1089 1535 1131 apud
1568 1089 1649 1121 Hie-

64 1145 200 1178 roclem
224 1145 376 1188 synecd.
394 1147 472 1188 746,
490 1148 521 1178 2.
570 1145 622 1177 Ex
647 1145 774 1187 oppidi
804 1145 950 1178 casibus
982 1147 1019 1177 et
1043 1146 1358 1179 vicissitudinibus
1382 1147 1541 1179 maxime
1573 1155 1649 1178 me-

64 1202 240 1236 morabile
270 1205 327 1236 est
362 1203 461 1245 quod
491 1203 670 1244 Iosephus
700 1204 833 1244 narrat,
871 1203 1085 1244 Pompeium
1115 1203 1291 1245 Dionysio
1328 1205 1484 1245 tyranno
1521 1206 1648 1236 necato

62 1260 202 1293 civitati
233 1259 437 1292 libertatem
476 1259 688 1292 reddidisse.
737 1259 786 1291 Cf.
819 1259 899 1291 Ant.
928 1259 1020 1301 XIV,
1049 1261 1109 1292 39:
1142 1258 1202 1292 καὶ
1235 1259 1299 1304 τὴν
1335 1257 1550 1304 Πτολεμαίου
1587 1262 1647 1292 τοῦ

62 1313 234 1351 Μενναίου
263 1317 381 1363 χώραν
409 1315 614 1361 κατενόησεν
648 1316 875 1358 (Pompeius),
905 1314 1026 1362 ἀνδρὸς
1055 1318 1207 1361 πονηροῦ
1244 1315 1304 1349 καὶ
1336 1315 1434 1350 οὐδὲν
1466 1314 1648 1353 ἐλάσσονος

62 1371 240 1408 Διονυσίου
270 1375 331 1406 τοῦ
362 1370 564 1417 Τριπολίτου
596 1374 658 1406 τοῦ
692 1370 964 1410 πελεκισθέντος.
1013 1372 1131 1411 Quare
1171 1373 1218 1406 ab
1254 1383 1347 1407 anno
1381 1376 1423 1407 64
1449 1383 1480 1407 a.
1505 1374 1587 1407 Chr.
1612 1383 1647 1407 n.

64 1431 275 1473 Tripolitani
295 1439 408 1464 annos
425 1430 675 1464 numerabant.
717 1430 766 1463 Cf.
793 1430 923 1463 Eckhel
939 1424 1039 1464 DTN.
1057 1431 1103 1463 111
1128 1439 1163 1473 p.
1183 1434 1260 1464 373.
1280 1434 1356 1464 377.
1397 1431 1426 1464 J.
1438 1431 1648 1474 Marquardt

62 1488 166 1522 Ro'm.
194 1487 538 1530 Staatsverwaltung
568 1488 582 1520 1
619 1496 655 1530 p.
686 1489 751 1519 394
789 1489 862 1520 not.
894 1489 925 1519 7.
1078 1490 1098 1520 2
1129 1488 1225 1520 Haec
1259 1490 1434 1530 quattuor
1469 1488 1649 1521 vocabula

61 1555 95 1579 n.
115 1548 191 1588 608,
210 1547 241 1579 4.
260 1548 280 1579 5
304 1545 458 1578 redeunt
474 1545 519 1577 de
534 1544 712 1577 Laodicea
737 1544 782 1577 ad
800 1553 910 1577 mare.
952 1545 1004 1576 De
1021 1546 1235 1578 autonomia
1254 1546 1297 1579 cf.
1314 1547 1389 1579 not.
1409 1548 1441 1578 4.
1480 1536 1647 1588 Appella-

59 1603 111 1636 tio
134 1600 296 1648 ναυαρχίς
319 1603 357 1635 in
380 1602 541 1635 nummis
565 1602 711 1644 quidem
738 1601 1046 1643 Tripolitanorum
1070 1611 1143 1635 non
1165 1603 1350 1635 invenitur
1366 1604 1449 1636 ante
1465 1602 1647 1645 Elagabali

61 1660 306 1703 principatum
332 1659 475 1701 (Eckhel
500 1659 540 1692 D.
557 1658 598 1692 N.
616 1660 663 1691 111
687 1668 722 1701 p.
742 1660 838 1701 375);
875 1658 975 1701 quod
1004 1659 1063 1691 hic
1087 1659 1256 1692 videmus
1288 1660 1360 1692 iam
1394 1661 1539 1693 saeculo
1564 1662 1647 1693 ante

60 1717 247 1750 civitatem
271 1725 313 1750 ea
331 1725 437 1750 usam
454 1725 544 1759 esse,
569 1716 658 1749 nihil
681 1715 792 1749 habet
817 1716 910 1758 miri,
936 1717 1151 1758 praesertim
1177 1725 1262 1750 cum
1287 1717 1383 1750 idem
1407 1717 1452 1750 de
1469 1717 1647 1750 Laodicea

59 1783 209 1816 quoque
232 1782 304 1806 usu
320 1774 452 1816 veniat,
476 1782 569 1816 quae
593 1783 627 1806 n.
647 1775 724 1815 603,
743 1776 762 1806 5
788 1773 825 1806 id
849 1782 983 1806 nomen
1007 1774 1109 1815 gerit,
1135 1782 1219 1806 cum
1238 1775 1391 1817 nummi,
1416 1775 1479 1816 qui
1504 1776 1647 1807 exstant

59 1832 174 1864 totius
204 1831 331 1864 aetatis
355 1839 450 1873 quae
479 1831 535 1863 est
565 1830 660 1863 inter
683 1830 836 1871 Augusti
861 1832 896 1862 et
921 1830 1123 1863 caracallae
1154 1831 1361 1872 imperium,
1393 1831 1534 1863 nullum
1556 1832 1646 1863 ‚eius

58 1887 268 1930 exemplum
293 1884 501 1930 praebeant.
540 1887 651 1920 Primi
677 1887 842 1919 omnium
872 1887 1008 1920 Sidonii
1033 1895 1118 1919 eum
1143 1887 1318 1920 honorem
1344 1888 1439 1920 nacti
1465 1887 1645 1929 videntur,

41 1953 216 1987 -quorum
240 1945 277 1978 ln
299 1945 463 1978 nummis
486 1945 560 1977 iam
584 1946 896 1977 commemoratur
919 1945 1141 1985 imperatore
1157 1945 1363 1978 Domitiano
1390 1954 1421 1978 a.
1440 1947 1482 1978 85
1508 1953 1544 1987 p.
1562 1944 1644 1977 Chr.

60 2002 204 2044 (Eckhel
226 2002 268 2035 D.
283 2001 326 2035 N.
344 2002 391 2034 111
415 2010 450 2044 p.
470 2002 559 2044 368),
590 2003 671 2034 tum
695 2001 865 2034 Hadriani
890 2001 1045 2042 imperio
1072 2001 1265 2042 (447-438
1292 2010 1326 2044 p.
1353 2001 1446 2043 Chr.)
1472 2002 1562 2035 aliae
1587 2011 1645 2035 ac-

58 2061 257 2102 cesserunt,
281 2060 376 2092 inter
399 2067 491 2101 quas
514 2058 755 2106 Tripolitanos
779 2060 815 2090 et
831 2058 1069 2091 Laodicenses
1094 2058 1205 2092 fuisse
1229 2059 1267 2091 hi
1290 2059 1388 2092 tituli
1412 2059 1554 2092 docent.
1594 2059 1644 2092 Ci'.

58 2116 193 2149 Eckhel
217 2116 262 2148 1v
285 2125 321 2159 p.
339 2119 416 2149 309.
558 2119 576 2148 3
608 2116 658 2149 Cf.
684 2115 722 2148 E.
740 2115 847 2148 Klebs
872 2116 1088 2158 Prosopogr.
1111 2117 1200 2159 imp.
1225 2116 1327 2149 Rom.
1350 2117 1365 2148 1
1389 2125 1425 2159 p.
1443 2120 1486 2150 28
1512 2126 1546 2149 n.
1565 2120 1643 2150 235.

59 2174 95 2205 L.
117 2173 311 2206 Aemilium
342 2174 496 2206 Iuncum
527 2173 714 2206 consulem
751 2172 946 2205 suffectum
979 2172 1091 2206 fuisse
1127 2183 1158 2206 a.
1186 2176 1250 2206 ⁴2⁷
1276 2182 1312 2216 p.
1335 2174 1416 2206 Chr.
1448 2183 1532 2206 cum
1564 2175 1642 2206 Sex.

0 2248 4 2250 -
59 2230 149 2262 Iulio
186 2230 319 2262 Severo
355 2231 497 2263 constat
541 2230 684 2271 (Digest.
714 2229 785 2271 XL,
810 2233 842 2271 5,
866 2232 920 2271 28,
950 2231 987 2262 4:
1033 2228 1173 2272 factum
1208 2232 1259 2264 est
1291 2229 1644 2264 senatusconsultum

58 2284 217 2320 Aemilio
239 2284 352 2320 Iwnco
376 2288 407 2320 et
429 2284 525 2320 Iulio
551 2284 675 2320 Severo
699 2284 917 2320 commatibus.
958 2287 1029 2330 XL,
1048 2290 1079 2330 5,
1099 2290 1153 2330 54,
1172 2290 1192 2320 8
1222 2286 1530 2321 senatusconsulto
1554 2285 1642 2321 Iun-

57 2342 176 2378 aiano.
224 2344 379 2386 Diplom.
404 2343 560 2376 militare
590 2344 739 2386 Ephem.
765 2344 877 2386 epigr.
901 2343 948 2376 IV
972 2353 1008 2386 p.
1027 2344 1116 2386 484).
1163 2345 1281 2377 Etiam
1313 2345 1472 2378 Iuvenal.
1496 2344 1573 2387 XV,
1599 2347 1641 2376 2⁷

56 2410 176 2444 moper-
198 2399 342 2434 consule
364 2398 477 2434 Iunco
501 2401 547 2433 ad
571 2409 656 2433 eum
682 2402 847 2443 spectare
871 2401 1027 2434 videtur.
1075 2402 1379 2435 Proconsulatum
1404 2402 1508 2434 Asiae
1533 2403 1643 2434 testa-

58 2460 119 2490 tur
141 2458 272 2491 titulus
296 2458 538 2500 Thyatirenus
562 2458 651 2491 Bull.
677 2458 722 2490 de
746 2466 839 2491 corr.
864 2458 950 2491 Heli.
967 2458 1016 2491 XI
1044 2461 1131 2492 4887
1157 2467 1192 2500 p.
1211 2462 1253 2492 99
1279 2468 1313 2492 n.
1332 2461 1387 2501 22,
1406 2462 1425 2491 6
1457 2456 1641 2501 ἀνθυπάτῳ

59 2511 209 2558 Αἰμιλίῳ
227 2510 385 2560 Ἰούνκῳ,
412 2514 540 2560 μη(νὸς)
559 2511 730 2548 Smenos
754 2513 1046 2562 ὀκτωκαιδεκάτῃ.
1156 2518 1175 2548 4
1209 2516 1260 2548 De
1285 2516 1353 2548 hac
1373 2515 1550 2556 legatione
1567 2516 1642 2547 tres

58 2572 220 2613 prolatae
244 2573 330 2604 sunt
352 2573 566 2605 sententiae:
599 2572 690 2605 Cum
713 2573 932 2614 Borghesius
949 2573 1111 2605 Oeuvres
1127 2572 1158 2604 V
1182 2582 1218 2614 p.
1238 2575 1277 2604 70
1304 2572 1462 2613 legatum
1488 2580 1641 2621 procon-

59 2628 148 2661 sulis
171 2629 325 2662 Achaiae
348 2629 593 2671 intellexisset,
618 2629 656 2662 id
679 2629 778 2671 quod
796 2631 947 2672 propter
964 2630 1129 2662 additum
1148 2627 1321 2673 Σεβαστοῦ
1346 2629 1436 2660 mihi
1461 2637 1532 2660 non
1558 2636 1642 2668 pro-

59 2684 184 2717 batum
209 2687 274 2728 est,
299 2687 378 2728 ipse
402 2687 552 2728 Ephem.
574 2687 686 2729 epigr.
710 2687 725 2718 1
748 2695 785 2729 p.
802 2689 868 2720 245
900 2687 1150 2719 demonstrare
1182 2687 1332 2718 conatus
1364 2693 1457 2726 sum,
1488 2685 1641 2715 luncum

58 2741 216 2782 legatum
241 2751 262 2775 a
283 2743 447 2784 principe
472 2743 517 2776 ad
542 2743 797 2785 corrigendum
821 2745 958 2776 statum
979 2743 1177 2775 liberarum
1195 2742 1399 2774 civitatium
1416 2741 1453 2772 in
1468 2739 1640 2771 Achaiam

61 2797 213 2830 missum
238 2807 328 2831 esse.
375 2800 451 2832 Hoc
475 2808 603 2832 rursus
627 2800 691 2832 Th.
708 2801 911 2833 Mommsen
935 2800 1036 2831 Rom.
1055 2798 1276 2831 Staatsrecht
1301 2796 1352 2829 113
1374 2806 1409 2838 p.
1429 2799 1494 2828 858
1527 2797 1600 2828 not.
1619 2799 1639 2827 2

59 2853 261 2886 luculenter
290 2855 461 2888 refutavit
489 2865 580 2890 usus
611 2857 718 2890 titulo
751 2857 929 2889 Laconico
966 2855 1157 2888 manifesto
1189 2853 1234 2886 ad
1263 2853 1418 2885 eundem
1453 2852 1640 2884 hominem

60 2911 246 2952 spectante
270 2910 338 2943 c.1.
349 2912 388 2944 G.
406 2914 505 2956 4346,
521 2917 539 2946 8
554 2922 632 2955 sqq.
656 2911 750 2946 καθὰ
765 2912 824 2946 καὶ
841 2912 858 2946 ὁ
877 2911 1053 2949 θειότατος
1070 2908 1299 2954 Αὐτοκράτωρ
1319 2905 1455 2953 Καῖσαρ
1472 2905 1640 2953 Τραϊανὸς
