1858 3126
181 113 267 154 648

217 249 291 288 ταὶς
316 248 423 287 δίκαις
439 248 512 287 ταὶς
530 247 626 286 ἰδίαις
644 246 840 294 ἐγδεδίκακε
858 246 935 281 παί-

221 319 295 345 σαις
327 308 358 351 7,
385 314 400 340 1
429 316 508 349 sqq.
562 305 760 350 δικαστήρια
794 305 849 348 48,
882 311 934 338 14.

220 364 492 408 ἐπιστατήσαντα
507 362 762 407 μεταπέμπτων
775 361 936 408 δικαστη-

223 421 303 467 ρίων
344 422 422 465 556,
458 428 511 454 14.
566 418 802 465 κληρονομικὰ
843 418 936 453 δικα-

222 479 342 526 στήρια
367 478 412 522 (ἐν
436 474 572 523 Ῥώμῃ)
596 477 674 520 482,
693 484 711 510 4

175 536 349 582 δικαστής,
376 534 528 570 δικασταί
539 533 697 579 passim.
727 538 795 567 τῶν
817 532 936 568 ἐκλέκ-

220 606 289 628 των
316 593 350 627 ἐν
374 588 494 640 Ῥώμῃ
528 592 693 626 δικαστῶν
718 591 796 634 499,
816 598 846 624 3.
888 590 937 624 δι-

219 651 350 697 καστὴν
383 649 417 684 ἐν
448 646 570 695 Ῥώμῃ
603 649 680 692 528,
708 656 738 682 7.
785 644 936 696 ᾐτήσατο

221 708 381 746 δικαστὰς
404 707 462 742 καὶ
486 706 735 752 διαλλακτῆρας
762 705 842 742 τοὺς
867 705 936 738 δια-

220 769 417 811 κρινοῦντας
431 764 506 811 περὶ
521 769 589 798 τῶν
607 762 936 809 ἀμφισβητουμένων

223 821 440 867 συμβολαίων
465 823 520 866 43,
540 828 558 855 2
577 831 656 864 sqq.
698 820 878 854 ἐπιστάταν
900 831 937 853 τε

223 878 425 916 ἀποστείλας
449 877 508 912 καὶ
533 877 692 915 δικαστὰς
718 877 751 918 ἐξ
772 874 938 914 Ἰουλίδος

225 936 283 979 (εἰς
309 934 437 980 Θήραν)
464 937 519 979 44,
539 943 568 970 8.
589 944 605 969 9

175 992 254 1039 δίκη
267 992 426 1038 passim.
460 989 540 1039 μηδ’
562 991 599 1026 α’(
614 991 656 1025 κέ
671 1003 721 1029 τις
737 990 834 1024 δίκαν
857 990 938 1036 γρά-

222 1062 328 1095 φηται
349 1050 569 1096 περὶτούτων
595 1049 627 1093 2,
644 1056 697 1082 11.
732 1047 833 1082 ὁπότε
853 1046 938 1080 ἐδω-

224 1107 352 1153 ρήσατο
390 1106 418 1149 (ὁ
455 1106 687 1152 αὐτοκράτωρ)
723 1105 767 1151 τῇ
803 1103 939 1149 πατρίδι

221 1163 323 1208 ἡμῶν
348 1164 410 1209 τὴν
434 1163 559 1210 ἀγορὰν
583 1169 651 1197 τῶν
681 1162 784 1196 δικῶν
809 1162 887 1205 517,
907 1168 937 1195 9.

224 1220 313 1256 δίκαι
343 1222 446 1264 1,18.
497 1220 552 1254 ἐπὶ
582 1220 620 1254 τὸ
651 1219 711 1257 τὰς
741 1217 939 1265 παραβολὰς

221 1283 289 1312 τῶν
315 1277 418 1313 δικῶν
443 1277 629 1324 λαμβάνειν
655 1278 710 1320 41,
730 1284 760 1312 5.
781 1284 810 1310 6.
850 1275 938 1310 δίκαι

224 1335 310 1370 ’ίδιαι
335 1336 365 1379 7,
386 1343 402 1370 3

178 1393 356 1437 δικολόγος
381 1394 447 1427 689

178 1450 333 1496 δίκροτος
357 1453 438 1487 ναῦς
463 1451 541 1493 447,
563 1456 580 1483 5

177 1507 345 1553 δικτάτωρ
391 1508 470 1551 441,
507 1514 560 1541 14.
603 1514 653 1540 19.
693 1513 746 1539 41.
768 1512 820 1540 72.
863 1513 938 1540 101.

228 1571 291 1598 123

177 1620 319 1667 δίμηνον
368 1620 543 1667 γερουσίας

225 1680 306 1722 485,
326 1686 342 1712 6

180 1735 332 1783 διμοιρία
356 1736 411 1779 78,
433 1742 484 1769 16.
505 1741 544 1769 21

180 1792 338 1827 διοδεύω·
355 1792 434 1830 τοὺς
451 1791 644 1830 διδεύοντας
661 1793 739 1836 613,
757 1799 785 1826 3.
805 1793 882 1835 665,
898 1798 939 1825 22

179 1849 309 1887 δίοδος·
337 1849 426 1896 μηδὲ
445 1849 556 1884 δίοδον
574 1849 696 1884 διδότω
722 1850 799 1893 437,
819 1856 870 1882 67.
887 1856 941 1882 71.

226 1906 284 1940 ἐὰν
323 1907 372 1951 μή
407 1919 495 1945 τινες
530 1926 577 1931 -
613 1906 728 1940 ἕνεκεν
758 1910 820 1952 τῆς
856 1907 941 1951 πρὸς

224 1962 400 2009 ἀλλήλους
437 1963 551 1997 διόδου
588 1962 753 2010 ἀτραποῖς
791 1969 943 2010 χρῶνται

226 2021 305 2063 483,
326 2028 365 2054 29

179 2075 337 2110 διοικέω·
364 2076 586 2122 διοικήσαντα
602 2076 644 2110 τὰ
658 2075 693 2110 ἐν
712 2075 820 2123 Συρίᾳ
836 2076 942 2121 πράγ-

229 2145 321 2179 ματα
345 2134 423 2177 543,
445 2141 496 2167 13.
537 2124 684 2179 διῴκησε
715 2133 813 2179 φίλον
839 2132 941 2166 αὖτον

226 2189 519 2237 (Πολυπέρχοντα)
543 2193 599 2224 τᾶι
623 2190 703 2224 πόλι
728 2189 883 2237 ὐπάρχην
909 2190 940 2233 4,

228 2254 283 2281 24.
303 2254 356 2282 25.
402 2248 467 2294 πρὸ
493 2246 623 2282 πολλοῦ
653 2243 684 2294 γ’
715 2245 754 2281 ἂν
780 2246 942 2292 ἐποιησά-

227 2304 319 2351 μεθα
343 2304 476 2340 ἅπαντα
493 2304 662 2350 διοικῆσαι
683 2309 756 2342 τοῖς
772 2300 941 2349 ’Έλλησιν

225 2361 320 2397 καθὰ
354 2360 587 2407 προειλόμεθα
623 2364 654 2405 5,
687 2369 738 2396 16.
773 2370 823 2396 17.
871 2373 942 2395 κιν-

228 2419 384 2453 δυνεῦσαι
430 2419 473 2453 τὰ
517 2418 580 2453 ὅλα
629 2419 677 2464 μὴ
727 2418 943 2464 διοικηθῆναι

228 2476 260 2519 5,
296 2482 349 2510 23.
406 2476 548 2522 φανερὸν
595 2475 692 2519 οἶμαι
737 2474 873 2510 ἔσεσθαι
896 2493 942 2499 -—

228 2532 263 2571 ἐξ
287 2531 399 2566 αὐτῶν
421 2537 490 2566 τῶν
511 2532 737 2578 διοικημένων
764 2533 794 2574 5,
814 2539 867 2566 25.
888 2538 940 2566 26.

225 2595 295 2624 τῶν
329 2589 412 2635 πρὸς
445 2586 667 2634 Κάσσανδρον
698 2589 757 2623 καὶ
786 2588 942 2634 Λυσίμα-

227 2659 290 2694 χον
327 2646 413 2692 ἡμῖν
455 2646 691 2694 διωικημένων
728 2648 759 2690 5,
788 2654 839 2682 35.
899 2644 943 2680 τὰ

596 1633 635 1667 γυ
641 1619 941 1667 μνασιαρχήσαντα

227 2704 312 2750 πρὸς
338 2702 606 2751 Πολυπέρχοντα
635 2703 760 2739 θᾶσσον
793 2702 834 2737 ἂν
859 2702 944 2736 διοι-

226 2760 380 2808 κηθῆναι
412 2762 442 2805 5,
462 2769 514 2796 39.
543 2769 596 2798 4ο.
659 2760 735 2807 περὶ
775 2759 821 2795 ὧν
864 2759 944 2794 ὑπε-

226 2818 403 2863 λάμβανον
440 2818 623 2865 συμφέρειν
653 2819 695 2866 τῇ
730 2817 828 2852 πόλει
861 2817 942 2851 διοι-

228 2874 383 2920 κηθῆναι
406 2875 462 2920 48,
483 2883 522 2909 16

900 108 1052 142 Indices.

1005 245 1188 290 διοίκησις·
1221 245 1278 280 τὸν
1311 244 1368 279 ἐπὶ
1395 248 1459 291 τῆς
1484 243 1687 291 διοικήσεως
1720 245 1766 289 (ἐν

1051 302 1211 348 Πριήνηι)
1239 303 1291 346 11,
1311 308 1365 336 24.
1407 301 1442 336 ἐν
1466 305 1542 340 ταῖς
1566 301 1767 349 ἀφηγουμέ-
1837 301 1851 359 .’

1050 372 1124 398 ναις
1148 365 1216 393 τῶν
1242 359 1443 405 διοικήσεων
1467 357 1605 393 πόλεσιν
1630 360 1708 403 458,
1724 367 1764 394 65

1007 416 1184 462 διοικητὴς
1208 416 1263 461 48,
1286 424 1337 451 17.
1368 416 1423 460 52,
1443 423 1474 450 -ι,
1507 416 1562 459 59,
1581 423 1612 450 τ.
1639 417 1716 460 100,
1737 424 1768 452 2.

1054 475 1132 517 761,
1153 480 1170 507 2

1008 531 1172 579 διορθόω·
1198 530 1240 565 τὰ
1265 530 1326 576 μὲν
1351 529 1653 576 παραλελειμμένα
1675 530 1768 577 εἰση-

1053 588 1247 634 γησάμενος
1272 587 1328 622 ἐπὶ
1358 587 1409 633 τῷ
1433 586 1639 634 συμφέροντι
1669 586 1769 634 διώρ-

1053 644 1164 680 θωσεν
1192 645 1269 689 323,
1291 651 1342 679 13.
1393 642 1592 690 διώρθωσαν
1615 645 1695 688 435,
1715 652 1769 679 19.

1055 701 1240 749 διωρθώθη
1272 702 1350 746 435,
1369 709 1400 736 9.
1436 702 1516 744 436,
1540 709 1570 736 2.
1622 701 1769 748 διορθῶ-

1055 759 1134 795 σθαι
1151 760 1293 803 484,14.
1309 766 1362 793 27.
1404 757 1625 803 διωρθῶσθαι
1649 760 1767 804 56,46.

1053 821 1153 851 τοῦτο
1180 816 1411 863 διορθώσομαι
1435 817 1514 860 665,
1533 824 1572 850 37

1009 872 1217 920 διορθωτής·
1252 873 1335 921 πρὸς
1372 873 1471 907 πέντε
1509 873 1654 918 ῥάβδους
1684 886 1770 920 πεμ-
1838 879 1840 882 ’

1056 931 1184 978 φθέντα
1208 931 1258 969 εἰς
1280 928 1463 965 Βειθυνίοιν
1495 930 1687 977 διορθωτὴν
1713 932 1771 966 καὶ

1053 987 1213 1034 λογιστὴν
1239 986 1304 1021 ὑπὸ
1335 986 1417 1022 θεοῦ
1441 983 1610 1034 Ἀδριανοῦ
1635 988 1767 1032 543,19

1009 1044 1164 1091 διορίζω·
1188 1044 1287 1079 λίθον
1314 1043 1502 1090 διορίζοντα
1520 1044 1770 1092 ὅρους-στη-

1056 1101 1220 1150 ριχθῆναι
1245 1101 1426 1136 ἐκέλευσαν
1452 1102 1531 1147 612,
1551 1110 1580 1138 5.
1608 1103 1685 1146 769,
1705 1110 1722 1138 8

1011 1160 1195 1207 διορύσσω·
1237 1159 1292 1193 ἐπὶ
1333 1158 1414 1197 τοὺς
1454 1158 1590 1197 κοινοὺς
1633 1158 1771 1207 τοίχους
1829 1183 1832 1187 ‚

1058 1217 1145 1263 μήτε
1181 1216 1420 1261 ἐποικοδομεῖν
1459 1216 1546 1263 μήτε
1585 1215 1770 1264 διορύσσειν
1826 1255 1835 1261 „

1055 1275 1135 1319 483,
1158 1282 1219 1309 118
1762 1278 1773 1285 ·

1011 1332 1214 1367 διπλασίων·
1261 1330 1431 1366 συντελεῖν
1467 1334 1540 1369 τοῖς
1575 1329 1672 1368 θεοῖς
1707 1329 1769 1375 τὴν
1826 1360 1829 1363 .

1055 1389 1176 1425 θυσίαν
1203 1387 1402 1423 διπλασίονα
1426 1389 1504 1432 764,
1525 1395 1541 1423 9

1011 1446 1170 1485 διπλοῦς·
1193 1449 1253 1480 τοῦ
1267 1445 1387 1480 διπλοῦ
1400 1444 1588 1491 εἰσαγέσθω
1605 1444 1770 1488 629,102.
1826 1483 1850 1498 γ’

1056 1502 1249 1550 πραχθήτω
1274 1503 1313 1538 τὸ
1339 1502 1477 1538 διπλοῦν
1503 1503 1581 1546 629,
1601 1508 1663 1536 121

1011 1560 1185 1607 δίπλωμα·
1223 1561 1254 1595 εἰ
1279 1560 1327 1606 μή
1360 1572 1450 1599 τινες
1474 1560 1542 1606 ἐμοὶ
1568 1555 1771 1604 διπλώματα
1828 1578 1855 1610 ᾗ,

1059 1618 1194 1665 ἔχουσιν
1219 1618 1299 1663 665,
1318 1624 1359 1652 25

1012 1675 1176 1716 διστάζω·
1213 1675 1261 1714 εἰς
1290 1695 1337 1700 —
1365 1671 1509 1721 Ῥώμην
1540 1673 1594 1708 ἀεὶ
1623 1673 1769 1719 πέμπειν
1820 1687 1828 1696 -’

1057 1733 1136 1770 τοὺς
1164 1751 1212 1758 -
1239 1732 1505 1779 ἀναγγελοῦντας
1537 1731 1580 1766 τὰ
1616 1731 1772 1771 δισταζό-

1060 1801 1145 1835 μενα
1170 1790 1247 1833 315,
1270 1796 1310 1824 66

1014 1846 1132 1894 δίφρος
1160 1847 1236 1890 199,
1256 1853 1295 1881 38

1013 1903 1198 1949 διωγμίτης
1225 1904 1302 1947 511,
1323 1911 1362 1938 10

1013 1961 1145 1995 διώκω·
1180 1959 1299 1997 ὅπλοις
1324 1972 1360 1993 τε
1390 1960 1449 1994 καὶ
1479 1959 1606 2007 σιδήρῳ
1638 1957 1770 1998 διώξειν
1821 1981 1822 1984 =

1060 2017 1205 2062 (ὄμνυμι)
1233 2017 1310 2059 532,
1330 2023 1371 2050 25

1013 2074 1133 2111 δίωτος
1158 2073 1292 2118 ψυκτήρ
1318 2073 1396 2117 214,
1417 2081 1455 2108 57

1013 2131 1205 2176 δοκιμάζω·
1229 2130 1287 2164 καὶ
1310 2133 1417 2165 ταῦτα
1441 2130 1501 2166 οῦν
1520 2129 1771 2176 ἐδοκιμάσαμεν
1817 2134 1822 2158 ἶ

1058 2186 1268 2233 διορθῶσθαι
1291 2188 1370 2232 484,
1389 2194 1443 2223 27.
1485 2187 1520 2223 ὃν
1548 2187 1565 2222 ὁ
1582 2182 1771 2234 εἨφαιστος
1819 2178 1828 2228 J

1059 2244 1261 2289 ἐδοκίμασεν
1287 2245 1342 2288 90,
1359 2253 1389 2280 3.
1424 2245 1486 2284 τὰς
1502 2245 1637 2283 εἰκόνας
1654 2263 1696 2270 -
1714 2245 1771 2279 δο·

1057 2302 1244 2347 κιμάζομεν
1281 2302 1503 2349 φυλαχθῆναι
1540 2306 1614 2340 τοῖς
1645 2301 1770 2347 ὀνόμα-
1805 2300 1820 2339 J

1060 2371 1122 2403 σιν,
1148 2356 1196 2406 ἐφ’
1219 2359 1270 2397 οἷς
1298 2359 1434 2407 γέγονεν
1459 2359 1586 2406 ἑκάστη
1618 2359 1696 2403 508,
1716 2365 1769 2393 12.
1811 2364 1816 2365 ’

1059 2417 1310 2462 ἐδοκιμάσαμεν
1345 2421 1553 2464 καταφυγεῖν
1589 2416 1671 2463 πρὸς
1705 2416 1768 2462 τὴν
1806 2440 1818 2446 ψ.

1058 2474 1154 2519 ὑμῶν
1180 2474 1350 2509 ἀθάνατον
1376 2473 1545 2520 βασιλείαν
1571 2474 1650 2518 569,
1670 2480 1710 2507 15

1013 2531 1206 2577 δοκιμεῖον·
1236 2537 1299 2579 τῆς
1330 2531 1415 2577 πρὸς
1445 2529 1525 2569 τοὺς
1550 2529 1652 2568 θεοὺς
1677 2526 1813 2566 ebes-1

1059 2589 1150 2634 βείας
1174 2608 1221 2614 -—
1244 2589 1283 2624 οὐ
1311 2589 1430 2635 μικρὸν
1454 2588 1629 2632 δοκιμεῖον
1651 2585 1770 2620 ἀπέλι-
1814 2607 1818 2609 λ

1059 2658 1119 2680 πεν
1146 2647 1223 2690 308,
1248 2654 1285 2681 16
1810 2685 1814 2687 ‚

1014 2702 1132 2741 δόλος·
1157 2704 1264 2751 χωρὶς
1290 2702 1391 2738 δόλου
1408 2703 1560 2748 πονηροῦ
1585 2701 1662 2744 629,
1684 2706 1744 2734 112
1800 2713 1810 2746 j

1013 2759 1107 2806 δόρυ·
1143 2759 1207 2794 ὑπὸ
1230 2764 1298 2794 τῶν
1323 2758 1503 2804 Σεβαστῶν
1527 2755 1769 2804 τετειμημένον

1060 2817 1177 2863 δόρατι
1200 2815 1344 2864 καθαρῷ
1370 2817 1447 2859 540,
1469 2822 1520 2850 19.
1567 2814 1684 2861 δόρασι
1707 2825 1770 2848 κα-
1807 2811 1811 2815 ”

1059 2873 1180 2921 θαροῖς
1203 2866 1235 2921 γ’
1258 2874 1335 2917 560,
1356 2879 1396 2907 12
1420 2918 1429 2922 ⁴
1812 2863 1813 2866 ’
