1858 3126
84 105 166 149 084]
469 103 508 138 C.
524 103 715 137 Cornelius
737 101 860 135 Gallus
884 101 1088 144 praefectus
1112 101 1278 144 Aegypti.
1580 100 1663 142 363

198 238 377 298 μεγάλην
388 241 418 294 ⁸,
443 236 648 296 Ὀφιῆονθ,
677 236 748 280 καὶ
777 235 847 279 σὺν
876 241 945 293 τῆι
973 240 1157 294 στρατιᾶι
1186 235 1406 294 ὑΙπεράρας
1434 235 1501 278 τὸν
1526 235 1665 279 Κατα-

198 306 359 367 ράιτην,
398 305 554 364 ἀβάτου
586 306 804 363 οτρατι[αἶς
833 309 905 362 τῆς
933 305 1088 362 χώρ]ας
1098 307 1134 335 ¹⁰
1161 304 1236 361 πρὸ
1274 306 1398 348 αὐτοῦ
1433 306 1662 362 γενομένης,

78 457 244 497 wileka
266 457 366 501 apud
387 457 544 490 eundem
566 457 723 508 monuit,
754 451 970 501 Κεραμιιήν,
993 457 1034 488 ιιι
1058 463 1104 488 ex
1128 455 1282 488 ostracis
1306 454 1528 497 quibusdam
1551 463 1664 497 appa·

78 517 186 559 reret,
209 524 282 550 non
306 523 436 548 verum
459 513 639 557 oppidum
662 521 753 556 esse,
777 512 843 546 sed
866 513 991 546 vicum
1008 510 1158 556 (λαύραν)
1183 513 1278 546 intra
1300 511 1389 545 fines
1406 512 1510 545 urbis
1526 511 1665 545 Theba-

79 581 175 606 rum.
211 571 306 606 Nam
327 570 371 605 τὰ
393 567 574 616 Κεραμεῖα
597 569 788 604 manifesto
812 569 908 603 idem
933 578 1012 603 esse
1036 571 1146 612 atque
1169 567 1192 613 ἡ
1212 565 1404 614 Κεραμιιή.
1448 569 1530 602 Tria
1553 570 1664 611 igitur

78 628 135 671 (cl.
158 629 235 662 not.
253 631 285 662 8.
303 628 336 670 9)
359 637 405 662 ex
427 627 499 661 illis
522 627 685 670 quinque
708 626 854 670 oppidis
877 626 1014 669 quibus
1038 627 1154 669 captis
1178 625 1394 668 gloriaretur
1410 626 1531 659 Gallus
1555 627 1664 660 unius

78 685 184 720 urbis
206 685 412 720 Thebarum
434 686 558 728 partes
581 693 673 718 esse.
796 686 816 717 8
847 683 897 717 Εἰ.
924 683 959 717 U.
973 683 1138 716 Wilcken
1162 683 1220 716 Gr.
1237 683 1419 717 Ostrakal
1444 692 1479 726 p.
1496 686 1576 726 744,
1599 684 1663 726 qui

79 742 253 776 observat
270 751 405 777 nomen
426 739 609 779 Διόσπολις
631 739 656 786 ή
681 739 827 786 μεγάλη,
851 749 926 783 quo
942 749 1017 774 uno
1034 740 1323 774 Ptolemaeorum
1341 749 1452 783 regno
1469 740 1663 782 significari

77 800 349 834 consueverunt
369 798 513 832 Thebae
535 798 746 841 Aegyptiae,
776 798 886 831 etiam
917 800 1004 840 post
1033 798 1143 831 huius
1167 798 1263 831 tituli
1293 799 1447 831 aetatem
1472 798 1663 831 etiamtum

6 899 14 904 ἡ
78 865 290 900 comparere
312 857 417 890 annis
441 854 544 899 49190
570 864 606 898 p.
622 855 704 889 Chr.
730 854 834 896 (Ostr.
852 865 886 888 n.
906 857 985 897 ³62,
1002 855 1034 896 4)
1061 857 1099 888 et
1125 858 1167 889 68
1194 864 1227 898 p.
1242 855 1323 888 Chr.
1350 855 1453 896 (Ostr.
1471 864 1505 888 n.
1525 857 1602 897 499,
1620 855 1663 895 3).

77 913 171 948 'rum
199 913 291 947 illud
318 921 452 947 nomen
481 913 520 946 ln
549 912 829 946 desuetudinem
859 913 1004 946 venisse
1033 912 1192 954 videtur,
1222 921 1306 946 nam
1338 913 1375 945 in
1399 911 1664 946 recentioribus

0 954 7 1003 i
76 970 181 1005 testis
203 971 320 1004 totam
342 969 474 1003 urbem
498 967 707 1014 μητρόπολιν
731 970 868 1012 vocari,
900 969 1118 1012 plerumque
1143 978 1231 1002 vero
1261 969 1470 1011 singillatim
1500 977 1663 1002 comme-

5 1051 7 1053 ·
76 1027 215 1061 morari
243 1027 367 1070 partes
402 1027 483 1059 eins
515 1024 665 1071 (λαύρας)
694 1027 737 1059 ιιι
762 1022 894 1072 Χάραξ,
924 1022 1048 1069 Νότος,
1079 1022 1192 1063 Νότος
1227 1024 1287 1059 καὶ
1319 1024 1391 1070 Λὶψ
1429 1026 1509 1058 sim.
1558 1025 1663 1063 Quod

76 1082 170 1118 bom
190 1084 387 1118 eonvenite
409 1092 495 1116 cum
519 1082 709 1116 Strabonis
727 1083 938 1116 testimonio
953 1083 1063 1125 XVII,
1084 1086 1112 1124 l,
1131 1084 1173 1115 ⁴6
1199 1091 1234 1124 p.
1251 1084 1317 1115 8⁴6
1341 1081 1415 1114 νυνὶ
1438 1081 1475 1115 δὲ
1498 1080 1663 1127 κωμηδὸν

13 1166 16 1170 ⁴
77 1142 293 1174 ωνοιιεῖται.
331 1140 400 1174 Sed
424 1149 511 1174 cum
534 1141 629 1173 inter
644 1140 807 1182 quinque
824 1139 914 1172 Galli
931 1139 1066 1182 oppida
1090 1136 1271 1172 Διόσπολιν
1296 1137 1359 1182 τὴν
1385 1137 1537 1184 μεγάλην
1562 1139 1663 1171 iuxta

77 1196 170 1231 duas
183 1197 366 1231 eiusmodi
388 1197 511 1240 κώμας
534 1197 593 1229 vel
616 1195 744 1242 λαύρας
763 1198 849 1237 (ιιοι.
868 1199 899 1229 7.
917 1197 949 1236 9)
976 1196 1154 1228 recenseri
1171 1195 1373 1237 videamus,
1398 1197 1550 1237 apparet
1565 1196 1663 1228 circa

77 1261 214 1287 annum
238 1255 282 1286 99
307 1262 339 1287 a.
364 1253 446 1286 Chr.
468 1262 503 1286 n.
534 1254 672 1286 certam
701 1253 884 1294 quandam
917 1253 1109 1285 universae
1139 1251 1242 1285 urbis
1272 1254 1413 1294 partem
1447 1253 1602 1285 arctiore
1626 1254 1663 1285 et

76 1310 227 1353 propria
249 1310 287 1342 vi
310 1303 737 1352 Anac-:tokv'appeuatam
761 1317 851 1342 esse.
900 1309 1070 1342 Ceterum
1095 1309 1204 1342 buius
1228 1308 1354 1351 oppidi
1385 1318 1407 1341 a
1431 1308 1529 1342 Gallo
1555 1309 1662 1342 deleti

76 1367 255 1400 memoria
288 1367 505 1400 conservata
539 1368 596 1399 est
630 1367 668 1399 in
703 1366 890 1400 chronicis
922 1366 1087 1399 Eusebii:
1129 1363 1262 1399 'l'kebae
1290 1364 1446 1410 Aeqypti
1473 1375 1586 1410 usque
1613 1364 1665 1400 ad

76 1422 196 1458 solum
222 1425 347 1458 maiae
376 1423 620 1466 Hieronymus
649 1432 707 1466 ap,
737 1424 898 1457 Schoene
922 1423 952 1456 11
983 1432 1019 1466 p.
1042 1425 1139 1457 lut.
1192 1421 1369 1457 waan'ea
1397 1422 1575 1457 suburbia
1595 1423 1660 1464 (ci.

77 1483 152 1515 not.
175 1483 208 1514 ’1.
231 1481 263 1522 9)
292 1479 339 1515 {a
364 1479 523 1526 Aegypto
550 1478 722 1523 fimdo'tm
751 1490 873 1515 eversa
902 1482 989 1514 sam
1027 1482 1147 1514 versio
1178 1480 1349 1514 Armenia
1381 1480 1468 1514 ibid.
1498 1489 1535 1523 p.
1558 1478 1660 1513 4401.

77 1538 170 1572 Sane
184 1537 428 1580 Hieronymus
452 1538 543 1571 haec
565 1537 635 1571 sub
659 1547 753 1571 anno
772 1540 857 1570 4990
877 1535 970 1581 (9716
986 1546 1019 1570 a.
1037 1537 1143 1580 Cbr.,)
1167 1537 1361 1570 Armenius
1376 1537 1466 1571 adeo
1484 1537 1554 1570 sub
1574 1540 1655 1570 4994

78 1592 185 1639 (9815)
208 1596 272 1628 aut
297 1597 385 1627 4999
410 1592 503 1638 (9514
530 1604 562 1628 a.
579 1594 674 1635 Chr.)
698 1594 819 1636 habet,
849 1603 935 1627 cum
959 1596 1081 1628 tamen
1113 1595 1172 1628 hic
1197 1595 1325 1628 titulus
1355 1595 1427 1628 iam
1452 1596 1536 1628 ante
1562 1603 1660 1627 men-

0 1686 8 1707 r*
74 1660 156 1689 sem
170 1651 332 1694 Aprilem
349 1653 393 1684 99
410 1661 443 1684 a.
456 1651 538 1685 Chr.
555 1652 678 1685 omnia
693 1651 859 1685 conlecta
882 1651 994 1684 fnisse
1010 1654 1149 1694 arguat.
1267 1656 1287 1685 ⁹
1317 1652 1423 1685 sethe
1441 1661 1498 1694 ap.
1514 1652 1662 1684 Hirsch-

0 1723 2 1746 3
75 1708 150 1742 feld
163 1717 297 1742 nomen
319 1704 457 1752 ‘oppidi
473 1705 709 1752 serpentium'
732 1709 794 1742 siti
809 1709 904 1742 inter
919 1709 1157 1742 Hermonthin
1182 1711 1218 1742 et
1234 1709 1422 1752 Latopolin
1442 1709 1510 1742 hac
1527 1709 1662 1742 Graeca

74 1765 320 1809 appellatione
352 1767 523 1800 accurate
557 1765 661 1799 reddi
696 1767 876 1809 opinatur.
934 1767 982 1799 At
1010 1767 1175 1800 Wilcken
1211 1767 1309 1808 apud
1346 1766 1502 1799 eundem
1538 1768 1575 1799 et
1603 1767 1662 1800 Gr.

76 1822 229 1857 osma
249 1823 264 1856 1
287 1831 325 1866 p.
341 1825 407 1856 ‘1⁴³
437 1823 556 1857 multo
585 1823 813 1866 probabilius
844 1832 925 1856 eam
957 1833 1108 1865 magnae
1138 1824 1241 1856 urhis
1272 1823 1477 1856 Thebarum
1508 1825 1660 1865 partem,

59 1882 170 1923 'fiune
191 1881 230 1913 in
251 1881 430 1914 testarum
452 1880 751 1923 inscriptionibus
776 1881 886 1914 modo
917 1880 1033 1914 forma
1061 1890 1160 1913 mere
1182 1881 1404 1923 Aegyptiaca
1419 1873 1519 1925 Ὦφι,
1552 1879 1661 1913 modo

75 1936 212 1971 Graeca
232 1937 485 1970 terminatione
509 1933 847 1983 adiuncta'nzpqetov
865 1933 1081 1983 νοΙὪφιῆον
1099 1938 1204 1979 (Ostr.
1223 1941 1300 1980 609,
1314 1940 1345 1971 4.
1369 1940 1446 1980 688,
1459 1940 1491 1970 9.
1517 1938 1661 1980 4564,9)

75 1993 288 2036 appellatur.
328 1994 429 2027 Hanc
451 2003 525 2028 non
546 1994 729 2028 diversam
754 2003 835 2028 esse
865 1994 911 2027 ab
934 1995 1157 2037 Aegyptiace
1184 1992 1237 2038 ipt
1260 1997 1370 2037 atque
1392 1995 1512 2028 inesse
1536 1996 1574 2027 in
1597 2003 1661 2027 no-

74 2050 175 2083 mine
191 2050 255 2083 dei
275 2046 473 2095 Ἇμενῶφις,
497 2052 520 2084 i.
537 2060 569 2085 e.
587 2051 679 2085 deus
701 2052 773 2084 loci
787 2043 888 2096 Ὦφι,
912 2053 963 2084 ita
986 2053 1029 2085 ut
1052 2053 1130 2084 sine
1154 2052 1266 2085 dubio
1290 2053 1329 2085 in
1353 2051 1519 2085 orientali
1542 2052 1660 2084 amnis

74 2107 156 2149 ripa
178 2115 294 2149 prope
316 2107 532 2141 hodiernum
555 2105 712 2143 Kamdt
734 2108 794 2141 ille
816 2109 922 2142 vicus
946 2109 1177 2151 quaerendus
1200 2110 1308 2142 esset.
1354 2109 1528 2151 correpta
1551 2117 1659 2141 voca·

74 2164 131 2207 lis,
153 2171 248 2206 qnae
271 2166 415 2206 praeter
437 2165 536 2198 hunc
558 2165 706 2198 titulum
730 2174 912 2208 nusquam
939 2167 1111 2207 occurrit,
1136 2175 1223 2199 sane
1247 2166 1293 2199 ad
1318 2166 1480 2199 studium
1503 2166 1659 2198 Graecae

73 2220 224 2262 originis
260 2219 317 2261 (ab
351 2218 439 2265 ὄφις)
474 2222 635 2263 speciem
664 2223 803 2256 nomini
837 2222 1040 2256 induendae
1074 2223 1193 2256 redire
1217 2223 1373 2256 videtur.
1493 2225 1532 2254 40
1567 2222 1658 2254 Cum

0 2299 1 2321 ἱ
26 2311 27 2315 ,
72 2276 335 2312 Hirschfeldius
358 2277 415 2310 τὸν
438 2277 656 2324 καταράιιην
679 2275 818 2323 Ἀβάτου
843 2279 900 2321 (cr.
924 2289 958 2312 n.
977 2282 1055 2322 444,
1073 2283 1128 2313 49.
1154 2282 1232 2322 438,
1250 2282 1282 2313 4.
1315 2282 1393 2322 439,
1412 2282 1443 2311 3.
1462 2282 1492 2312 4.
1519 2281 1596 2320 695,
1615 2279 1657 2320 3),

0 2323 30 2368 '33
75 2332 260 2380 στρατ[είας
288 2332 460 2377 οὐδεμιῙᾶς
492 2334 558 2379 πρὸ
582 2333 686 2369 αὐτοῦ
718 2335 905 2381 γενομένης
934 2337 1190 2379 supplevisset,
1219 2338 1363 2379 primus
1386 2335 1543 2377 Mahaffy
1566 2334 1660 2369 vidit

39 2423 50 2435 „
73 2390 111 2423 id
134 2391 282 2424 tolerari
303 2400 376 2424 non
400 2399 520 2434 posse.
558 2391 701 2425 Etenim
724 2395 762 2426 et
784 2392 872 2426 alibi
895 2402 1041 2436 semper
1064 2390 1293 2438 Καταράιτης
1317 2394 1451 2426 dicitur
1475 2392 1573 2425 nulla
1597 2392 1660 2424 ad-

14 2447 17 2485 ]
38 2486 41 2487 ⁷
74 2446 151 2480 dita
172 2448 397 2481 accuratiore
421 2447 629 2482 definitione
653 2449 700 2490 (n.
716 2452 795 2492 430,
813 2453 867 2482 40.
886 2450 940 2491 44)
964 2458 1084 2492 neque
1106 2450 1185 2483 fieri
1208 2451 1330 2492 potuit
1344 2451 1433 2493 quin
1454 2450 1659 2482 enuntiare-

16 2496 18 2500 ’
73 2504 148 2547 tur,
170 2505 307 2538 nullam
331 2506 414 2538 ante
438 2505 578 2538 Gallum
604 2506 872 2548 expeditionem
895 2507 1091 2540 militarem
1115 2508 1160 2540 in
1183 2507 1282 2540 illis
1306 2506 1575 2549 regionibus
1599 2505 1656 2537 vel

22 2556 42 2611 J}
75 2569 217 2603 usque
240 2562 294 2595 ad
316 2562 441 2595 illum
465 2562 618 2596 locum
642 2563 786 2606 factam,
817 2573 903 2597 cum
933 2565 987 2597 sic
1010 2564 1175 2597 absolute
1204 2565 1390 2597 enuntiata
1421 2564 1511 2596 haec
1536 2563 1657 2603 inepta

24 2604 46 2646 'f
75 2617 149 2651 sint
170 2627 214 2651 ac
235 2627 350 2661 paene
373 2619 537 2653 ridicula.
574 2620 676 2653 Adde
698 2620 799 2663 quod
823 2621 876 2654 sic
892 2621 1083 2654 restitutus
1106 2621 1167 2654 hic
1183 2621 1285 2654 locus
1302 2621 1417 2661 magis
1434 2618 1658 2658 discreparet

11 2700 16 2705 .
75 2681 98 2704 a
119 2669 254 2708 Latinis
275 2683 386 2717 quam
409 2676 506 2709 ullus
530 2677 635 2710 alius.
682 2677 801 2716 Quare
824 2677 981 2720 Mabaffy
1012 2676 1142 2722 ἀβάτου
1168 2676 1311 2722 στρατ[ῷ
1337 2675 1466 2720 χώρ]ας
1497 2673 1655 2715 scripsit,

74 2728 296 2764 Brinkmann
318 2729 447 2775 ἀβάτου
470 2733 657 2777 στρατιαῌς
679 2736 742 2778 τῆς
765 2733 900 2779 χώρῂις,
933 2734 970 2767 id
993 2734 1094 2776 quod
1118 2733 1236 2774 spatio
1261 2734 1298 2764 et
1321 2731 1497 2772 relliquiis
1521 2729 1656 2761 littera-

76 2793 159 2817 rum
196 2786 235 2818 in
271 2787 391 2828 lapide
429 2790 637 2831 conspicuis
676 2790 792 2831 magis
831 2791 941 2823 etiam
987 2788 1304 2822 accommodatum
1340 2788 1405 2818 est.
1459 2785 1534 2817 Una
1568 2793 1655 2818 sane

76 2843 200 2874 manet
221 2842 316 2874 inter
330 2843 455 2877 Latina
469 2845 676 2888 Graecaque
691 2846 944 2888 discrepantia,
969 2845 1067 2886 quod
1092 2845 1129 2876 in
1151 2844 1221 2875 illis
1238 2842 1423 2875 distinctio
1448 2841 1656 2883 adiungitur
