1858 3126
189 100 274 142 296
429 100 518 133 VIII.
555 100 701 142 Imperii
717 99 868 133 Romani
884 100 1092 142 provinciae
1108 100 1310 133 orientales.
1359 103 1390 132 7.
1416 101 1530 143 Syria.
1647 101 1771 143 [599—

302 232 420 278 Ὀστᾶ
449 238 554 278 τῶν1
589 238 659 278 τοῦ
696 234 985 292 ΝεικάΙνοροςῖ
1020 233 1344 293 Ἀλεξανδρέωςῧ,
1384 235 1389 293 Ι
1420 238 1663 293 ποιήσαντος
1697 234 1770 285 τὰς

307 305 473 360 θύρας4.

282 431 436 464 Litterae
472 424 790 465 λὰΔΘΘλΠΟω.
845 430 877 470 ξῖ
909 432 935 464 Ζ
971 433 1036 473 est,
1074 431 1137 464 sed
1169 432 1290 464 nescio
1329 440 1373 463 an
1403 431 1533 464 lineola
1565 432 1772 464 transversa

190 489 389 521 evanuerit.
523 491 536 520 4
575 488 761 522 Eiusmodi
791 489 948 531 plurales
974 490 1010 521 in
1035 489 1150 521 titulis
1175 487 1448 531 sepulcralibus‚
1479 489 1629 521 orientis
1652 489 1772 530 potis-

192 546 337 588 simum,
364 545 536 579 familiam
561 546 619 579 vel
650 547 821 588 posteros
851 547 929 579 eius
961 547 1066 579 cuius
1098 554 1231 578 nomen
1264 546 1453 587 proprium
1486 546 1653 587 genetivo
1685 554 1773 578 casu

191 602 441 645 subiungatur,
467 603 668 645 significare
692 604 807 636 solere
824 603 996 636 observat
1012 603 1394 645 clermont-Ganneau,
1418 603 1634 635 testimoniis
1657 602 1772 635 allatis

192 659 566 702 Lebas-Waddington
589 661 700 693 Inscr.
719 661 775 702 111,
794 663 894 702 2254,
913 663 945 693 l.
971 663 1073 701 2258,
1091 663 1121 692 l.
1147 663 1247 692 2339.
1273 661 1373 692 23⁴8.
1423 660 1492 692 Sed
1515 668 1558 692 ea
1582 659 1703 692 omnia
1727 659 1772 692 ab

192 718 261 750 hoc
286 718 390 750 titulo
414 726 458 750 eo
482 718 627 750 nomine
645 717 825 759 differunt,
851 717 951 759 quod
975 717 1026 749 ibi
1043 718 1231 758 genetivus
1257 716 1407 759 pluralis
1431 725 1560 749 rursus
1584 726 1605 749 a
1627 717 1774 749 nomine

191 775 343 816 proprio
384 774 517 816 pendet
550 775 592 815 (n.
625 776 714 807 2348
751 769 895 819 Ῥοῦφος
934 771 1161 818 Προκλίωνος,
1200 778 1268 806 τῶν
1307 770 1591 814 Μοναικειδάνου,
1626 771 1772 816 εὐσεβῶν

190 829 371 875 ἀνέθηκεν)
396 832 437 864 ut
461 832 650 865 manifesto
676 832 871 873 partitivus
896 832 958 864 sit:
992 831 1104 864 Rufus
1129 831 1328 864 Proclionis
1354 830 1374 863 s.
1402 831 1446 863 de
1469 832 1574 872 gente
1598 829 1773 863 Monaeci-

193 889 286 922 dani.
335 889 456 930 Longe
480 889 605 921 durior
635 889 724 921 haec
741 897 824 921 cum
842 888 1060 930 appellativo
1081 886 1164 920 ὀστᾶ
1182 888 1400 921 coniunctio.
1439 888 1597 929 Accedit,
1622 887 1659 920 id
1677 887 1775 929 quod

192 947 271 988 ipse
296 946 667 979 Clermont-Ganneau
696 947 818 988 sensit,
852 946 951 988 quod
979 946 1186 979 ossuarium
1219 946 1326 987 quale
1356 945 1426 978 hoc
1455 946 1516 977 vix
1549 945 1631 987 plus
1664 945 1774 977 unius

192 1002 352 1036 defuncti
378 1003 524 1036 ossibus
549 1003 765 1045 recipiendis
790 1003 1002 1045 sufficiebat,
1034 1004 1071 1035 et
1094 1003 1193 1044 quod
1225 1003 1354 1035 titulus
1380 1002 1563 1035 Hebraeus
1589 1002 1674 1043 (not.
1693 1004 1724 1034 2.
1744 1002 1774 1043 3)

194 1061 300 1093 unius
324 1060 513 1095 Nicanoris
538 1069 670 1093 nomen
694 1060 814 1092 habet.
863 1059 981 1098 Quare
1013 1069 1123 1101 quam
1155 1060 1214 1092 ille
1244 1069 1316 1092 non
1347 1059 1416 1092 nisi
1447 1059 1574 1092 timido
1603 1060 1640 1092 et
1669 1058 1775 1091 dubi-

193 1119 311 1150 tanter
338 1118 533 1159 proposuit
565 1117 912 1159 interpretationem,
945 1118 986 1149 ut
1022 1117 1211 1158 genetivus
1244 1117 1440 1158 partitivus
1469 1116 1603 1149 indicet
1633 1117 1776 1158 partem

195 1174 303 1207 modo
328 1174 466 1207 ossium
484 1174 672 1207 Nicanoris
698 1175 756 1206 hio
772 1174 955 1207 conditam
973 1182 1062 1216 esse,
1088 1183 1131 1206 ea
1153 1174 1242 1206 mihi
1258 1174 1406 1215 quidem
1422 1174 1528 1215 longe
1544 1173 1777 1216 praeferenda

194 1239 273 1264 esse
304 1231 459 1264 videtur.
509 1231 613 1270 Quod
643 1231 735 1264 C.-G.
767 1232 894 1264 contra
923 1233 1060 1273 monet,
1093 1231 1186 1264 hanc
1217 1231 1402 1264 insolitam
1439 1231 1534 1263 tituli
1564 1231 1775 1273 sepulcralis

194 1288 347 1321 sormam
365 1297 455 1330 esse,
479 1290 577 1321 recte
594 1297 633 1321 se
656 1288 780 1330 habet;
807 1288 871 1321 sed
887 1289 1019 1321 iniuria
1035 1297 1115 1321 eam
1132 1288 1257 1322 Graeci
1275 1288 1452 1321 sermonis
1469 1287 1609 1329 legibus
1633 1296 1776 1321 accom-

195 1345 377 1378 modatam
403 1354 483 1378 esse
507 1347 613 1387 negat
636 1345 744 1378 idem.
791 1346 907 1378 Immo
933 1346 1002 1378 hoc
1033 1344 1115 1378 ὀστᾶ
1138 1349 1204 1378 τῶν
1230 1341 1422 1390 Νικάνορος
1447 1340 1546 1378 ‘ossa
1569 1354 1663 1387 quae
1692 1346 1778 1377 sunt

194 1411 239 1435 ex
279 1402 444 1444 (ossibus)
477 1398 684 1435 Nicanoris'
714 1402 806 1436 bene
844 1404 881 1435 et
915 1403 1075 1444 legitime
1117 1403 1346 1435 enuntiatum
1381 1404 1446 1435 est.
1565 1405 1584 1433 2
1615 1401 1777 1435 Hebraea

194 1460 315 1502 lingua
341 1457 510 1502 Niqdnar
524 1457 663 1493 Alaksci
687 1459 935 1502 subscriptum
959 1461 1023 1492 est.
1143 1462 1160 1491 3
1195 1459 1285 1492 Cum
1303 1460 1436 1492 Graeca
1459 1459 1647 1501 inscriptio
1664 1459 1778 1492 mani-

194 1517 285 1550 festo
311 1517 495 1549 ethnicum
521 1517 662 1559 habeat,
686 1517 724 1549 in
747 1517 909 1549 Hebraea
933 1519 1126 1558 paternum
1151 1525 1282 1549 nomen
1310 1517 1476 1558 genetivo
1501 1525 1589 1549 casu
1612 1517 1778 1549 enuntia-

195 1577 274 1607 tum
300 1574 568 1615 agnoscendum
594 1574 747 1606 videtur.
787 1574 871 1606 Utro
896 1574 975 1606 loco
1001 1575 1160 1606 erratum
1187 1574 1243 1614 sit,
1269 1574 1364 1606 latet.
1413 1573 1481 1605 Sed
1504 1574 1594 1606 baec
1617 1574 1668 1606 ita
1691 1582 1777 1606 con-

195 1633 353 1673 iungere,
393 1633 435 1663 ut
472 1631 620 1673 plenum
659 1639 791 1663 nomen
828 1626 988 1674 Νικάνωρ
1023 1626 1138 1669 Ἀλεξᾶ
1166 1626 1396 1674 Ἀλεξανδρεύς
1433 1629 1545 1663 fuisse
1576 1639 1776 1672 sumamus,

196 1688 378 1721 lubricum
399 1688 486 1720 mihi
505 1688 659 1720 videtur.
772 1690 788 1720 4
821 1688 964 1720 Portam
985 1688 1181 1720 maximam
1202 1690 1238 1719 et
1257 1687 1527 1720 ornatissimam
1544 1695 1588 1720 ex
1606 1687 1776 1720 omnibus

196 1754 290 1787 quae
314 1746 351 1778 in
375 1745 513 1787 templo
538 1745 866 1787 Hierosolymitano
890 1744 1043 1777 fuissent
1066 1744 1126 1776 hic
1150 1744 1329 1786 designari
1346 1744 1480 1777 eximio
1505 1745 1672 1777 acumine
1696 1752 1777 1786 per-

197 1804 316 1845 spexit
347 1803 546 1836 Clermont-
551 1803 730 1836 Ganneau.
779 1802 894 1841 Quam
927 1802 973 1835 ab
1004 1802 1157 1844 losepho
1190 1802 1274 1834 Bell.
1291 1802 1332 1844 V,
1357 1804 1415 1834 2⁰⁴
1433 1811 1513 1844 sqq.
1543 1801 1601 1844 VI,
1619 1804 1684 1834 293
1717 1801 1777 1834 de·

196 1860 316 1902 scribi,
342 1861 380 1892 in
403 1860 505 1893 libris
530 1860 685 1893 Iudaicis
712 1869 797 1893 vero
821 1861 885 1902 qui
909 1860 1054 1892 nomine
1071 1859 1223 1892 Talmud
1247 1859 1420 1901 appellari
1444 1859 1561 1892 solent
1576 1855 1778 1892 Nicanore-9

191 1919 339 1960 portam
368 1917 541 1959 appellari
571 1919 681 1959 atque
711 1917 800 1950 adeo
840 1917 1097 1950 miraculosam
1133 1917 1377 1949 narrationem
1414 1916 1487 1949 illic
1521 1915 1699 1957 repperiri
1734 1915 1778 1948 de

196 1973 374 2006 Nicanore
409 1974 580 2016 quodam,
617 1975 680 2015 qui
709 1974 924 2006 Alexandria
948 1974 1033 2007 navi
1068 1973 1274 2006 advexisset
1305 1973 1485 2014 pretiosas
1520 1972 1646 2005 valvas
1682 1972 1777 2005 illius

198 2033 333 2072 portae,
359 2031 423 2062 sed
447 2039 512 2072 per
536 2031 762 2072 tempestatis
786 2031 980 2063 discrimen
1004 2031 1154 2063 alteram
1177 2030 1216 2062 in
1241 2038 1340 2062 mare
1356 2029 1487 2062 iactam
1513 2038 1534 2062 a
1557 2029 1688 2071 nautis,
1712 2029 1779 2062 sed

198 2089 233 2120 in
258 2088 385 2119 ventre
410 2087 564 2128 ingentis
587 2088 708 2129 piscis,
742 2088 805 2128 qui
836 2096 916 2120 eam
944 2087 1164 2128 devorasset,
1195 2087 1376 2128 repertam
1401 2094 1492 2119 esse.
1539 2086 1678 2119 Mireris
1703 2088 1778 2119 stu·

198 2152 325 2186 porem
351 2143 509 2175 hominis
535 2144 598 2184 qui
622 2143 782 2176 fabulam
807 2144 1096 2185 antiquissimam
1121 2144 1157 2174 in
1182 2151 1304 2175 rerum
1335 2143 1498 2175 omnium
1529 2143 1678 2176 minime
1701 2143 1778 2176 ido-

197 2210 302 2234 neam
327 2200 560 2233 transtulerit.
610 2200 678 2232 Sed
702 2200 769 2232 hac
793 2199 939 2232 fictione
964 2200 1124 2232 detracta
1155 2200 1295 2241 reliqua
1324 2201 1394 2232 hoc
1423 2200 1530 2233 titulo
1562 2200 1668 2242 plane
1691 2208 1779 2233 con-

198 2258 399 2290 firmantur.
441 2256 563 2288 Simile
585 2256 732 2298 donum,
759 2257 844 2288 item
871 2256 915 2289 ab
934 2251 1079 2289 bomine
1104 2257 1236 2289 Iudaeo
1255 2258 1318 2299 qui
1334 2257 1569 2290 Alexandriae
1593 2256 1780 2290 habitabat

198 2317 240 2348 ut
264 2314 411 2356 quidem
435 2313 581 2346 videtur
613 2314 748 2355 templo
775 2313 1105 2355 Hierosolymitano
1130 2314 1305 2357 oblatum,
1339 2314 1446 2347 Cl.-G.
1472 2315 1594 2350 monet
1617 2322 1779 2347 comme-

200 2372 337 2404 morari
369 2370 414 2403 ab
439 2370 592 2412 Iosepho
624 2370 707 2403 Bell.
732 2370 773 2413 V,
798 2373 881 2403 205:
913 2373 1031 2403 τοῦτον
1063 2370 1100 2403 δὲ
1131 2372 1190 2412 (sc.
1221 2370 1277 2404 τὸν
1311 2370 1454 2417 ἄργυρόν
1484 2382 1520 2403 τε
1551 2369 1611 2403 καὶ
1639 2369 1776 2416 χρυσόν)

197 2429 273 2464 ταῖς
298 2425 395 2460 ἐννέα
418 2424 541 2463 πύλαις
566 2425 705 2471 ἐπέχεεν
732 2425 749 2459 ὁ
767 2424 922 2471 Τιβερίου
951 2427 994 2468 (n.
1015 2427 1112 2468 6692)
1139 2427 1250 2472 πατὴρ
1274 2424 1496 2472 Ἀλέξανδρος.
1538 2427 1656 2461 Etiam
1680 2426 1779 2469 quod

199 2485 290 2517 ebur
315 2485 351 2516 in
375 2483 500 2516 valvas
531 2486 658 2525 portae
690 2484 816 2526 templi
839 2484 1012 2526 Apollinis
1037 2484 1205 2526 Didymei
1229 2485 1451 2518 Alexandrea
1480 2484 1526 2517 ab
1556 2492 1640 2525 rege
1664 2484 1779 2516 Ptole-

200 2550 303 2575 maeo
328 2540 409 2573 XIV
437 2540 479 2581 (n.
498 2542 575 2582 ⁴93,
596 2541 647 2580 lo)
674 2541 928 2573 transmissum
954 2543 1018 2583 est,
1044 2542 1249 2583 comparari
1274 2543 1404 2583 potest.

287 2698 380 2743 600
422 2700 634 2739 Miliarium
664 2701 904 2740 collocatum
933 2703 1068 2753 paullo
1099 2705 1192 2740 ante
1212 2675 1348 2739 vicum
1374 2693 1547 2752 Cha‘fat
1573 2700 1695 2740 situm
1724 2700 1778 2739 ad

200 2771 310 2809 viam
331 2781 435 2822 quae
455 2769 746 2819 Hierosolymis
777 2769 829 2807 ad
859 2771 1154 2821 septentriones
1185 2769 1275 2820 fert,
1306 2768 1433 2807 horae
1464 2768 1548 2807 fere
1569 2769 1778 2807 intervallo

1852 2696 1858 2709 0.
1850 2551 1858 2681 ,μνῆμα-μ-
1854 2528 1858 2531 ,
1851 2499 1858 2512 ι.
1848 2462 1858 2477 m
1855 2442 1858 2444 .

201 2839 253 2877 ab
284 2838 363 2878 hoc
394 2838 555 2890 oppido.
608 2838 783 2876 Titulum
815 2838 1002 2876 Latinum
1039 2850 1089 2876 ex
1124 2838 1166 2876 E.
1191 2838 1345 2875 Renani
1381 2839 1526 2888 ectypo
1568 2836 1779 2876 ediderunt
1846 2823 1855 2863 s
