1858 3126
188 104 272 145 280
415 102 503 134 VIII.
539 102 686 144 Imperii
710 102 861 135 Romani
884 102 1093 144 provinciae
1117 102 1320 135 orientales.
1369 104 1400 135 7.
1426 103 1540 144 Syria.
1643 101 1771 144 [587—
1840 130 1843 131 γ

235 250 276 282 10
302 239 389 286 τίας
433 239 564 281 ἕνεκεν
612 236 680 280 διὰ
725 240 967 296 πρεσβευτοῦ
1012 239 1016 295 Ι
1060 238 1186 281 Γαΐου
1227 236 1395 282 Ἰουλίου
1440 238 1720 296 Προκληϊανοῦ
1763 238 1768 295 Ι

305 308 524 363 ἀνέθηκαν,
556 308 909 365 ἐπιψηφισαμένης
941 307 946 364 Ι
978 312 1050 364 τῆς
1081 310 1120 355 ἐξ
1134 306 1290 365 Ἀρείου
1319 307 1452 365 πάγου
1483 309 1630 365 βουλῆς
1662 307 1667 364 Ι
1699 306 1771 350 καὶ

234 387 275 420 15
303 380 375 432 τῆς
416 377 564 432 βουλῆς
607 379 684 418 τῶν
731 374 773 433 φ’
818 376 888 419 καὶ
932 379 1002 419 τοῦ
1047 376 1058 433 ΙΙ
1104 377 1232 433 δήμου
1276 378 1353 420 τῶν
1385 374 1621 433 Ἀθηναίων.
1663 375 1667 433 Ι
1707 375 1772 418 ἐπὶ

306 445 452 501 ἱερείας
484 444 721 501 Φλ(αουίας)
753 446 1020 502 Φαιναρέτης.

192 573 365 625 Ἀδριανὸς
391 576 559 622 Σεβαστὸς
582 577 642 611 καὶ
665 574 827 622 Αἰμίλιος
847 573 1000 623 'Iob-5²0:
1032 577 1048 612 ὁ
1081 576 1295 623 δικαιοδότης
1325 577 1401 624 περὶ
1431 575 1534 611 αὐτοῦ
1566 575 1772 611 ἐπέστειλαν.

187 636 330 669 Etenim
354 636 443 668 illud
459 645 573 677 genus
590 637 870 677 magistratuum
892 636 1262 669 extraordinariorum
1288 645 1309 669 a
1332 635 1582 668 iurisdictione
1605 635 1774 676 alienum,

188 695 252 727 uni
281 694 588 727 administrationi
617 703 741 726 rerum
775 694 933 726 civitatis
965 693 1187 735 praefectum
1223 693 1345 726 fuisse.
1394 692 1499 731 Quod
1528 693 1775 725 Mommsenus

189 752 268 793 ipse
300 752 438 793 statuit,
470 751 642 784 Achaiam
673 751 901 793 provinciam
931 752 1010 783 tum
1035 751 1212 793 temporis
1243 751 1503 793 aliquantisper
1533 759 1555 783 a
1578 750 1707 782 senatu
1730 748 1776 782 ad

189 809 394 852 principem
424 808 636 841 translatam
673 817 764 850 esse,
797 810 840 840 ut
871 808 992 841 medio
1021 809 1166 841 saeculo
1192 817 1226 850 p.
1245 808 1326 840 Chr.
1352 809 1470 850 primo
1503 807 1573 840 sub
1605 806 1776 839 diuturna

190 866 225 898 P.
243 866 404 899 Memmii
429 865 553 907 Reguli
570 866 749 907 legatione
773 865 900 908 fuerat,
926 866 962 898 in
979 874 1033 908 eo,
1058 867 1100 898 ut
1124 866 1160 897 in
1185 874 1225 897 re
1244 864 1517 906 obscurissima,
1543 864 1776 906 acquiescen-

190 923 279 956 dum
296 923 451 966 videtur,
478 923 547 956 etsi
571 924 625 955 sic
649 931 797 965 quoque
820 924 956 955 mirum
981 923 1046 965 est,
1077 923 1114 955 in
1137 922 1243 955 titulo
1268 922 1444 955 Laconico
1469 930 1541 954 non
1565 918 1775 967 πρεσβευτήν

190 981 253 1014 aut
268 978 433 1025 ἡγεμόνα,
460 980 525 1013 sed
541 980 657 1012 multo
676 981 796 1013 minus
814 979 960 1012 definita
983 981 1020 1011 et
1035 980 1170 1012 usitata
1186 979 1430 1021 appellatione
1453 977 1668 1022 δικαιοδότην
1693 978 1775 1010 dici.

307 1179 395 1223 588
439 1182 590 1234 Cippus
621 1194 714 1221 cum
735 1182 893 1221 duobus
920 1181 1057 1233 titulis,
1091 1180 1245 1220 Graeco
1267 1184 1307 1220 et
1326 1180 1582 1232 Palmyreno,
1612 1179 1777 1219 Parisiis

189 1251 230 1290 in
261 1263 400 1291 museo
433 1248 639 1303 (Louvre).
682 1251 990 1303 Inscriptionem
1013 1250 1209 1289 Graecam
1240 1249 1301 1288 ed.
1326 1250 1369 1287 L.
1392 1249 1557 1300 Heuzey
1587 1248 1777 1300 Comptes

190 1321 343 1359 rendus
374 1320 424 1359 de
453 1317 687 1359 l’aeademie
715 1320 786 1359 des
813 1320 933 1358 inser.
964 1319 1073 1357 4886
1103 1331 1144 1371 p.
1170 1316 1266 1369 447,
1298 1318 1584 1369 Palmyrenam
1603 1317 1778 1356 Ledrain

191 1390 331 1429 Revue
363 1387 673 1440 d’Assyriologie
710 1393 750 1428 et
786 1385 1079 1439 d'archeologie
1124 1387 1318 1427 orientale
1357 1386 1468 1425 4888
1505 1386 1541 1425 II
1574 1398 1615 1438 p.
1644 1386 1698 1425 26
1715 1397 1776 1437 sq.

191 1459 417 1509 Utramque
448 1458 637 1509 repetivit
669 1459 708 1496 et
737 1458 1027 1509 interpretatus
1059 1460 1120 1495 est
1153 1455 1225 1495 Ch.
1250 1454 1670 1495 Clermont-Ganneau
1700 1454 1778 1493 Re-

194 1528 294 1566 cueil
327 1524 541 1565 d'archeol.
573 1527 767 1565 orientale
792 1526 809 1564 I
843 1525 952 1564 ⁴888
983 1537 1023 1577 p.
1043 1525 1137 1563 300.

263 1650 282 1681 5
311 1637 480 1694 Μᾶρκος
526 1637 530 1695 Ι
565 1635 733 1685 Ἰούλιος
771 1637 775 1693 Ι
817 1635 1003 1692 Μάξιμος
1041 1635 1046 1692 Ι
1083 1633 1336 1692 Ἀριστείδης,
1373 1634 1386 1692 ΙΙ
1415 1636 1574 1678 adium
1604 1633 1610 1691 Ι
1643 1632 1779 1691 Βηρύ-

308 1723 404 1762 τιος,
439 1706 443 1763 Ι
476 1706 607 1763 πατὴρ
640 1706 875 1763 ΛουΙκίλλης
905 1703 1103 1762 γυΙναικὸς
1135 1704 1395 1761 Περτίνακος.

287 1844 299 1872 4
338 1841 494 1882 Berytus
519 1839 651 1873 nobilis
676 1840 875 1872 Phoenices
899 1837 990 1871 urbs
1015 1848 1101 1871 cum
1125 1847 1145 1870 a
1171 1838 1367 1880 Tryphone
1390 1837 1454 1879 qui
1479 1845 1631 1878 regnum
1654 1835 1780 1878 Syriae

195 1900 437 1941 occupaverat
467 1898 584 1931 deleta
613 1899 719 1939 esset,
751 1907 772 1930 a
803 1897 975 1930 Romanis
1007 1897 1175 1929 restituta
1205 1897 1270 1928 est.
1325 1894 1374 1927 Cf.
1406 1892 1536 1927 Strabo
1561 1893 1653 1935 XVI,
1677 1895 1708 1935 2,
1735 1895 1778 1925 49

195 1965 229 1998 p.
249 1959 325 1988 755.
345 1958 386 1987 56
419 1953 482 1989 εἷθ’
505 1954 522 1988 ὁ
555 1951 670 1991 Λύκος
702 1952 857 1998 ποταμὸς
886 1953 945 1987 καὶ
968 1950 1143 1998 Βηρυτός·
1178 1949 1264 1996 αὕτη
1298 1950 1335 1984 δὲ
1367 1947 1591 1994 ’κατεσπάσθη
1625 1948 1686 1994 μὲν
1714 1947 1779 1982 ὑπὸ

194 2010 391 2057 Τρύφωνος,
423 2010 603 2057 ἀνελήφθη
638 2010 676 2044 δὲ
705 2013 764 2044 νῦν
796 2009 861 2044 ὑπὸ
884 2006 1080 2055 Ῥωμαίων,
1112 2007 1278 2053 δεξαμένη
1309 2007 1368 2040 δύο
1397 2006 1563 2053 τάγματα,
1594 2005 1616 2039 ἃ
1647 2004 1780 2052 ἵδρυσεν

194 2065 374 2113 Ἀγρίππας
400 2066 557 2102 ἐνταῦθα.
599 2069 639 2102 Id
663 2069 799 2101 factum
824 2068 969 2101 videtur
986 2076 1079 2100 anno
1100 2069 1140 2099 ⁴5
1160 2076 1191 2099 a.
1208 2066 1289 2098 Chr.
1308 2074 1340 2097 n.
1360 2063 1551 2106 (Eusebius
1567 2064 1598 2096 11
1614 2072 1649 2106 p.
1664 2065 1729 2096 442
1742 2072 1781 2096 m

196 2127 251 2160 ed.
277 2127 438 2159 Schoene
470 2125 614 2160 colonia
644 2128 695 2160 est
725 2125 874 2159 deducta
903 2123 1077 2168 Berytum
1106 2125 1137 2157 et
1164 2121 1300 2156 Patras
1328 2131 1423 2156 vers.
1446 2122 1590 2154 Armen.
1613 2116 1780 2157 Ἀποικίας

196 2184 245 2221 εἰς
270 2181 404 2228 Πάτρας
427 2183 486 2217 ’καὶ
511 2182 666 2229 Βηρυτὸν
690 2179 859 2227 Ῥωμαῖοι
884 2181 1076 2226 ἐξέπεμψαν
1100 2180 1288 2223 syncellus
1309 2189 1344 2222 p.
1364 2182 1441 2222 593,
1459 2179 1533 2221 47);
1559 2178 1642 2211 inde
1666 2177 1712 2211 ab
1737 2187 1779 2211 eo

197 2244 362 2285 tempore
391 2239 541 2275 Colonia
564 2239 663 2274 Iulia
686 2238 854 2284 Augusta
882 2237 989 2272 Feciae
1011 2236 1165 2282 Berytus
1195 2237 1455 2280 appellabatur.
1504 2235 1554 2269 Cf.
1585 2235 1782 2277 Benzinger

196 2309 252 2341 ap.
279 2299 592 2341 Pauly-Wissowa
622 2296 970 2339 Realencyklopadie
995 2296 1052 2338 111,
1080 2298 1093 2327 4
1123 2304 1158 2336 p.
1177 2297 1236 2327 32⁴
1253 2303 1307 2336 sq.
1355 2294 1510 2327 Graecos
1542 2293 1584 2325 ut
1614 2292 1779 2325 Latinum

190 2358 371 2400 patronus
398 2357 434 2388 in
459 2365 591 2388 nomen
615 2356 743 2388 tertiae
767 2363 877 2396 quam
902 2353 1057 2386 dicimus
1081 2352 1332 2385 declinationis
1357 2349 1494 2395 πάτρων
1525 2349 1781 2391 converterint,

197 2415 250 2447 sio
280 2414 390 2445 etiam
420 2421 486 2454 pro
520 2411 666 2446 colonus
699 2412 890 2454 scripsisse
921 2412 958 2443 et
989 2410 1245 2452 pronuntiasse
1276 2407 1390 2442 ’κόλων
1415 2408 1476 2440 hic
1503 2407 1633 2440 titulus
1664 2405 1780 2439 docet.

196 2470 303 2504 Aliud
328 2470 537 2511 exemplum
570 2470 607 2502 in
638 2469 810 2502 laterculo
836 2469 1020 2501 victorum
1046 2467 1256 2509 Thespiensi
1281 2467 1304 2498 1.
1324 2466 1362 2498 G.
1380 2466 1475 2507 Sept.
1500 2465 1525 2505 1,
1545 2466 1645 2505 ⁴776,
1663 2465 1718 2495 23.
1738 2465 1779 2494 33

198 2527 467 2570 agnoscendum
499 2527 564 2558 est.
613 2526 704 2558 Nam
738 2526 812 2558 illie
851 2526 938 2567 quin
975 2521 1119 2570 Μᾶρκος
1150 2521 1324 2568 Αὐρήλιος
1355 2519 1539 2565 Σεπτίμιος
1571 2516 1782 2562 Νεμεσιανὸς

196 2582 416 2630 Ἀντιγενίδης
443 2581 555 2616 κόλων
579 2578 765 2627 Ἀντιοχέυς
791 2582 991 2623 (Antiochia
1015 2581 1167 2614 Pisidiae
1193 2579 1381 2620 oriundus,
1413 2577 1455 2610 cf.
1480 2587 1514 2610 n.
1534 2576 1631 2617 5361)
1662 2576 1781 2618 legen-

199 2643 288 2675 dum
313 2642 371 2684 sit,
401 2642 486 2683 post
516 2640 661 2672 titulum
687 2639 875 2681 Berytium
901 2640 1089 2671 inventum
1123 2637 1281 2684 dubium⁴
1309 2644 1383 2668 non
1414 2636 1479 2676 est,
1513 2634 1581 2666 etsi
1610 2633 1781 2666 Boeekhii

199 2700 334 2742 opinio,
358 2707 470 2741 quam
493 2698 573 2740 ipse
590 2705 674 2729 cum
693 2696 840 2737 reliquis
862 2695 1063 2728 editoribus
1087 2695 1235 2727 secutus
1252 2702 1363 2735 eram,
1389 2691 1574 2724 ethnicum
1599 2690 1781 2732 composi-

198 2759 279 2790 tum
296 2753 609 2800 Κολωναντιοχεὺς,
623 2763 644 2786 a
662 2751 811 2786 κολωνία
822 2749 1007 2797 Ἀντιόχεια
1024 2752 1219 2794 repetitum
1235 2751 1278 2782 ut
1290 2746 1578 2794 Μεγαλοπολίτης
1597 2757 1618 2780 a
1634 2743 1780 2791 Μεγάλη

199 2813 309 2856 πόλις,
346 2813 420 2846 illic
449 2812 585 2854 haberi,
616 2820 682 2853 per
711 2819 750 2843 se
786 2819 857 2842 non
889 2809 1046 2842 absurda
1078 2810 1143 2840 est.
1192 2806 1305 2839 Simili
1338 2804 1588 2839 vicissitudine
1618 2803 1675 2836 vel
1714 2811 1779 2845 pro
1850 2806 1858 2816 “

201 2871 336 2904 Graeco
361 2871 508 2904 nomine
532 2868 687 2905 διάκονος
711 2869 749 2900 in
773 2866 887 2900 tltulis
905 2866 1116 2899 Christianis
1141 2865 1324 2898 invenitur
1349 2862 1476 2896 ὃιάκων
1503 2861 1603 2903 (Bull.
1619 2860 1664 2893 de
1688 2868 1780 2892 corr.
1851 2862 1858 2867 ·
