1858 3126
237 174 323 215 626

954 170 1104 203 Indices.

286 310 362 353 118,
383 316 436 344 18.
477 306 574 342 αὐτοὶ
597 306 820 355 ἀναδέχονται
848 306 909 345 τὰς
937 306 996 341 δύο
1069 306 1246 346 ἀκίνδυνος
1282 307 1361 352 383,
1383 313 1460 343 205.
1511 306 1736 353 παρίστασθαι
1770 304 1821 343 ὑπ’

284 365 467 404 στατίωνας
498 365 542 413 τῇ
573 363 659 412 αὐτῇ
691 363 818 411 αἱρέσει
847 365 925 408 595,
943 371 997 399 35.

284 422 434 469 προστὰς
459 421 597 463 ἐνδόξου
622 421 681 456 καὶ
702 421 814 469 καλῆς
838 420 998 467 αἱρέσεως

284 480 364 524 219,
382 487 413 513 4.
455 477 687 523 ἀκολουθήσει
713 479 759 525 τῇ
780 483 850 513 τῶν
873 477 998 524 προγό-

282 549 352 572 νων
378 536 505 582 αἱρέσει
529 537 608 580 222,
627 542 680 571 20.
730 536 845 579 (secta,
874 534 996 579 factio)

282 599 351 629 τῶν
383 613 430 619 -
459 593 699 641 ἐφηβευκότων
723 597 785 639 τῆς
808 589 997 638 Ἀμμωνίου

285 651 448 697 αἱρέσεως
481 651 557 694 176,
577 659 608 685 7.
654 654 718 696 τῆς
750 647 997 696 Ἀσκληπιάδου

282 711 343 742 τοῦ
378 705 627 755 Ἀσκληπιάδου
664 707 825 753 αἱρέσεως
863 707 939 750 178,
967 713 998 740 6.

284 765 431 811 αἱρέσεις
454 766 533 809 442,
554 773 593 800 10

239 822 362 868 αἰρέω·
389 822 422 856 οἰ
439 821 615 867 εἰρημένοι
639 821 794 869 μετέχειν
813 818 997 867 Σωτηρίων

283 879 342 914 καὶ
371 876 565 915 Μουκιείων
595 879 675 922 438,
702 886 732 913 3.
780 877 813 912 οἱ
842 877 998 924 μετέχειν

284 936 444 981 ἑλόμενοι
472 939 534 981 τῆς
563 935 734 982 ἀγομένης
762 934 998 980 πεντετηρίδος

283 998 351 1027 τῶν
371 991 556 1039 Σωτηρίων
581 992 640 1027 καὶ
659 989 855 1027 Μουκιείων
880 991 959 1035 439,
978 997 996 1024 2

236 1048 427 1095 αἰτιάομαι·
458 1046 650 1096 ᾐτιάθησαν
675 1049 754 1093 484,
770 1056 811 1083 30

237 1105 424 1153 αἰφνίδιος·
450 1105 490 1140 ἐκ
506 1110 567 1151 τῆς
584 1105 752 1152 αἰφνιδίου
770 1106 999 1153 περιστάσεως

285 1164 363 1208 339,
385 1170 423 1198 18

239 1220 477 1268 αἰχμάλωτος·
503 1219 720 1268 αἰχμάλωτοι
743 1221 824 1265 441,
843 1228 896 1255 61.
916 1228 979 1256 116

237 1277 340 1313 αἰών·
367 1277 415 1316 εἰς
431 1276 539 1311 αἰῶνα
557 1278 636 1321 515,
652 1285 704 1311 55.
745 1277 794 1316 εἰς
812 1279 871 1313 τὸν
888 1278 998 1313 αἰῶνα

285 1336 362 1379 194,
373 1341 426 1369 32.
462 1333 511 1372 εἰς
527 1334 638 1369 πάντα
653 1334 711 1369 τὸν
729 1335 838 1369 αἰῶνα
855 1336 933 1380 566,
944 1343 997 1370 19.

283 1391 331 1430 εἰς
355 1392 412 1426 τὸν
445 1391 580 1426 ἅπαντα
608 1390 717 1426 αἰῶνα
750 1392 827 1437 332,
847 1399 902 1427 32.
948 1393 998 1431 εἰς

280 1449 339 1483 τὸν
357 1448 497 1494 ἄπειρον
515 1448 623 1482 αἰῶνα
641 1449 718 1492 383,
739 1457 790 1484 43.
833 1448 917 1496 ὑπὲρ
933 1455 997 1496 τῆς

283 1505 332 1543 εἰς
350 1504 458 1539 αἰῶνα
476 1505 640 1551 διαμονῆς
658 1506 738 1550 702,
752 1513 783 1542 3.
823 1505 858 1546 ἐξ
874 1506 998 1545 αἰῶνος

285 1562 364 1606 669,
380 1569 433 1596 61.
474 1562 559 1595 ὥστε
583 1561 663 1600 τοὺς
679 1559 736 1597 ἀπ’
754 1563 878 1602 αἰῶνος
895 1562 998 1611 ὓπερ-

286 1617 452 1665 βαλέσθαι
476 1619 554 1663 542,
571 1627 623 1654 10.
666 1620 770 1665 μόνον
786 1621 845 1655 καὶ
861 1626 996 1667 πρῶτον

283 1678 375 1720 τ(ῶν)
408 1673 461 1711 ἀπ’
489 1676 611 1714 αἰῶνος
645 1678 723 1720 544,
750 1683 803 1711 21.
855 1678 998 1723 ἁρμόζει

283 1733 346 1781 γὰρ
369 1733 432 1771 τὰς
465 1732 621 1772 ἰσοθέους
653 1734 756 1768 αὐτοῦ
786 1735 929 1783 χάριτας
951 1754 999 1760 -

283 1790 384 1825 αἰῶνι
410 1789 684 1836 μνημονεύεσθαι
707 1791 806 1825 παντί
831 1793 909 1835 666,
928 1798 969 1826 22

239 1847 394 1886 αἰώνιος·
419 1847 468 1885 εἰς
493 1847 618 1895 χρόνον
634 1866 681 1873 -
697 1847 833 1883 αἰώνιον
855 1849 998 1893 383,10.

285 1904 333 1943 εἰς
356 1905 414 1939 τὸν
437 1904 575 1951 αἰώνιογ
590 1905 713 1952 χρόνον
738 1906 818 1949 248,
837 1913 890 1940 54.
928 1911 997 1940 τῶν

283 1962 368 2007 πρὸς
393 1960 492 2001 δόξαν
518 1962 575 1996 καὶ
597 1962 738 2008 μνήμην
763 1961 898 1997 αἰώνιον
915 1962 998 2009 ἀνη-

283 2018 414 2051 κόντων
445 2018 594 2060 438,12.
642 2018 704 2063 τὴν
729 2024 797 2053 τῶν
822 2019 996 2064 προτέρων

283 2073 445 2120 ἐπάρχων
463 2074 599 2108 αἰώνιον
618 2075 800 2120 συνήθειαν
814 2075 996 2122 φυλάσσων

284 2130 363 2174 669,
384 2138 435 2164 14.
475 2130 533 2165 ἵνα
555 2131 594 2165 τὸ
619 2131 803 2177 ἐπινοηθὲν
827 2129 884 2178 ὑφ’
900 2132 996 2177 ὑμῶν

285 2187 333 2225 εἰς
362 2186 424 2232 τὴν
460 2188 564 2232 τιμὴν
598 2191 659 2222 τοῦ
692 2187 865 2234 Σεβαστοῦ
898 2189 996 2236 μείνῃ

284 2243 420 2279 αἰώνιον
444 2246 523 2289 458,
542 2252 596 2280 28.
640 2245 719 2284 τοὺς
745 2245 903 2284 αἰωνίους
927 2244 997 2281 Αὐ-

284 2302 449 2349 γούστους
467 2303 585 2346 723,4.
624 2308 692 2336 τῶν
706 2302 852 2337 αἰωνίων
865 2302 996 2349 Αὐγού-

285 2371 372 2393 στων
410 2359 487 2402 580,
508 2367 537 2394 3.
575 2359 654 2403 619,
675 2365 705 2393 2.
743 2360 821 2403 722,
840 2367 870 2393 5.
921 2345 1019 2396 ταῖςἱ

285 2415 565 2462 ἐπιφανεστάταις
603 2416 662 2450 καὶ
704 2416 852 2454 αἰωνίοις
891 2415 996 2450 αὐτοῦ

284 2471 472 2518 γενεθλίοις
489 2472 633 2518 ἡμέραις
649 2473 728 2515 493,
747 2480 801 2507 49.
841 2471 995 2518 ὑμετέρῳ

285 2528 369 2575 θείῳ
405 2529 464 2563 καὶ
496 2529 622 2575 αἰωνίῳ
657 2529 799 2574 νεύματι
839 2529 917 2572 569,
942 2535 994 2564 20.

285 2584 369 2633 ὑπὲρ
392 2591 455 2631 τῆς
479 2585 616 2620 αἰωνίου
646 2586 707 2620 καὶ
734 2584 911 2633 ἀφθάρτου
937 2585 997 2630 βα-

285 2642 411 2681 σιλείας
442 2642 538 2689 ὑμῶν
573 2644 650 2688 569,
670 2650 723 2678 24.
770 2642 856 2690 ὑπὲρ
887 2654 996 2689 σωτη-

286 2700 358 2746 ρίας
381 2701 441 2734 καὶ
466 2699 604 2735 αἰωνίου
627 2700 726 2747 νίκης
751 2701 875 2745 678,1.
914 2699 996 2734 αἰώ-

284 2769 355 2791 νιον
379 2757 501 2803 τειμήν
526 2758 605 2800 642,
623 2764 640 2791 4

238 2814 418 2860 αἰωνόβιος
449 2814 606 2860 βασιλεὺς
638 2812 855 2859 Πτολεμαῖος
884 2814 941 2857 90,
966 2820 995 2847 4.

286 2878 317 2906 8.
338 2879 366 2905 9.
387 2879 439 2906 37.
460 2878 512 2905 38.
532 2878 586 2905 49.
621 2869 710 2906 θεῶν
725 2870 921 2917 νικηφόρων
938 2869 997 2904 καὶ

285 2927 474 2973 αἰωνοβίων
504 2929 579 2972 168,
599 2935 639 2962 48

1115 362 1220 398 αὐτοῦ
1257 365 1327 407 (τοῦ
1349 364 1553 412 κατηγόρου)
1589 365 1647 400 τὸν
1678 377 1827 413 προσαγ-

1115 420 1284 466 γείλαντα,
1307 420 1366 456 ἵνα
1390 421 1480 469 μηδὲ
1497 422 1627 462 ἐκεῖνος
1650 422 1827 462 ἀκίνδυνος
1856 447 1858 450 -

1117 473 1140 526 ᾗ
1165 479 1244 523 669,
1262 485 1304 512 42

1070 534 1225 581 ἀκίνητοι
1249 535 1411 581 πρόσοδοι
1434 536 1514 580 383,
1532 543 1572 571 68

1069 592 1351 639 ἀκληρούχητος·
1388 592 1448 628 καὶ
1484 592 1558 628 ὅσοι
1596 593 1707 628 αὐτῶν
1743 594 1827 629 εἰσιν
1856 595 1858 621 ἶ

1116 648 1374 697 ἀκληρούχητοι
1397 650 1476 694 229,
1496 657 1559 685 102

1070 706 1186 751 ἀκμήν
1213 705 1444 750 (adverbium)
1469 708 1548 751 201,
1569 713 1609 741 12
1853 739 1858 744 .

1069 763 1275 808 ἀκοντισμός
1292 764 1371 808 339,
1390 771 1444 799 64.
1477 763 1675 810 ἀκοντισμοί
1689 766 1770 811 339,
1784 774 1826 801 37
1853 790 1858 810 3

1069 819 1205 855 ἀκούω·
1221 818 1545 867 ἧκουσαΜέμνονος
1562 822 1681 866 682,4.
1705 823 1786 866 683,
1797 831 1828 858 3.
1850 811 1858 872 i

1115 877 1248 922 ἥκουσα
1278 877 1350 923 τρίς
1375 879 1446 921 (τοῦ
1469 875 1662 924 Μέμνονος)
1697 880 1776 924 662,
1795 887 1827 915 2.
1848 879 1858 944 ἑ

1115 933 1250 978 ἤκουσα
1288 935 1368 979 684,
1392 941 1422 969 2.
1473 934 1607 981 ἤκουσα
1645 934 1829 982 Μέμνονος

1116 990 1166 1029 δίς
1190 992 1269 1034 680,
1281 998 1311 1026 3.
1337 993 1416 1036 685,
1429 999 1459 1027 3.
1492 993 1543 1032 δὶς
1558 992 1685 1039 ἤκουσε
1702 994 1781 1039 681,
1796 1000 1845 1030 4.“

1115 1047 1251 1093 ἤκουσα
1275 1040 1305 1082 δ’
1327 1048 1407 1093 687,
1427 1055 1444 1082 3

1069 1103 1250 1151 ἀκρόασις·
1274 1105 1498 1153 προσηνέχθη
1516 1106 1554 1141 δὲ
1575 1106 1839 1154 φιλανθρώπως,

1115 1162 1174 1196 καὶ
1196 1165 1270 1201 τοῖς
1291 1161 1354 1201 τὰς
1381 1162 1562 1211 ἀκροάσεις
1584 1165 1843 1211 ποιησαμένοις

1117 1219 1256 1263 339,-14
1841 1254 1844 1258 ,

1069 1275 1274 1322 ἀκρόπολις·
1298 1276 1358 1311 τάν
1374 1289 1411 1310 τε
1432 1276 1620 1324 ἀκρόπολιν
1646 1279 1716 1322 (τάν
1728 1275 1810 1326 Ἔρε
1831 1275 1839 1305 s

1116 1333 1206 1376 σίων)
1232 1333 1481 1380 ἀνοικοδόμησε
1506 1336 1538 1379 8,
1557 1341 1588 1370 2.
1626 1336 1699 1374 ταὶς
1717 1335 1818 1384 δὲγύ

1069 1676 1172 1711 ἄκτα·
1198 1676 1265 1711 ἀπὸ
1290 1675 1403 1711 ἅκτων
1429 1677 1558 1724 βουλῆς
1582 1678 1661 1723 595,
1679 1685 1719 1712 20

1069 1734 1240 1779 ἀκτινωτὴ
1267 1733 1375 1780 φιάλη
1399 1735 1478 1778 214,
1497 1741 1538 1769 36
1823 1771 1837 1781 ι,

1070 1791 1196 1837 ἄκυρος
1230 1790 1388 1837 passim.
1440 1790 1551 1837 ἄκυρά
1587 1804 1626 1826 τε
1665 1790 1752 1826 ἔστω
1829 1781 1839 1809 ²*

1117 1855 1170 1883 96.
1190 1856 1244 1883 97.
1283 1848 1419 1896 ἀκύρως
1444 1847 1610 1894 ἐωνήσθω
1635 1849 1796 1893 218,110
1816 1851 1839 1886 εἰ

1069 1904 1268 1952 ἀλαβάρχης
1293 1906 1371 1949 570,
1394 1914 1410 1940 5

1069 1961 1297 2007 ἀλάβαστρον
1350 1960 1458 2007 μύρου
1512 1961 1568 1995 ἐν

1116 2019 1194 2062 629,
1215 2025 1255 2052 35

1068 2075 1220 2120 ἄλειμμα
1245 2075 1300 2116 59,
1318 2082 1368 2108 15.
1395 2074 1473 2118 764,
1489 2082 1519 2110 3.
1554 2078 1626 2113 τοῖς
1643 2075 1769 2123 μετέχο

1115 2131 1203 2175 (τοὺς
1246 2130 1461 2178 μετέχοντας)
1507 2134 1568 2166 τοῦ
1613 2131 1715 2177 ἀλείμ
1748 2151 1755 2161 ι
1792 2135 1807 2161 f
1831 2126 1834 2145 ³

1115 2189 1192 2232 339,
1213 2196 1265 2223 65.
1285 2196 1338 2223 74.
1377 2193 1446 2222 τῶν
1474 2189 1573 2234 ἱερῶν
1595 2193 1663 2222 τῶν
1680 2188 1748 2224 ἀπὸ
1790 2201 1801 2215 ι’

1113 2244 1322 2290 ἀλείμματος
1354 2246 1432 2289 339,
1457 2253 1510 2281 73.
1562 2245 1746 2284 πλεονάκις
1790 2264 1800 2275 -

1114 2302 1212 2336 πόλει
1235 2302 1278 2336 τὰ.
1301 2301 1497 2348 ἀλείμματα
1521 2302 1647 2337 ἔδωκεν
1671 2303 1751 2346 622,
1768 2308 1802 2340 0:
1828 2334 1835 2339 .

1066 2358 1212 2405 ἀλείφω·
1250 2359 1439 2405 φιλοτίμως
1473 2358 1649 2406 ἀλείφοντι
1683 2359 1761 2403 713,
1791 2356 1794 2357 ’

1113 2416 1254 2462 ἤλειψεν
1280 2412 1319 2450 δι’
1337 2414 1418 2450 ὅλου
1434 2419 1495 2451 τοῦ
1513 2415 1666 2451 ἐνιαυτοῦ
1689 2415 1733 2450 τὰ
1758 2434 1768 2443 -

1114 2472 1198 2520 ἔθνη
1225 2474 1303 2517 533,
1322 2481 1376 2508 47.
1421 2471 1561 2518 ἤλειψεν
1584 2473 1628 2507 τὰ
1652 2472 1712 2507 δύο
1744 2476 1766 2500 a*
1818 2491 1822 2494 ·

1601 1961 1787 2010 ἀλαβάστρ

1114 2530 1182 2576 ὅλῳ
1206 2532 1257 2576 τῷ
1281 2529 1426 2576 ἐνιαυτῷ
1456 2530 1533 2573 533,
1553 2535 1605 2564 52.
1625 2537 1678 2564 58.
1776 2568 1782 2569 ⁷

1113 2587 1206 2622 δίδου
1232 2587 1270 2621 δὲ
1293 2590 1367 2624 τοῖς
1382 2585 1620 2631 ἀλειφομένοις
1635 2591 1704 2620 τῶν
1760 2604 1771 2618 >,
1792 2628 1796 2629 ⁷
1822 2616 1831 2627 ,

1111 2663 1158 2670 -
1183 2645 1230 2683 εἰς
1261 2643 1355 2679 οἷκον
1387 2644 1532 2687 339,73.
1574 2642 1734 2677 ἐκάλεσεν

1111 2701 1154 2736 τὰ
1186 2700 1259 2748 ίερά
1286 2700 1366 2739 τοὺς
1395 2700 1640 2746 ἀλειφομένους
1669 2699 1747 2744 339,
1772 2696 1789 2713 ·’

1111 2761 1184 2796 τοῖς
1207 2757 1447 2804 ἀλειφομένοις
1473 2756 1507 2790 ἐν
1531 2759 1581 2803 τῷ
1601 2749 1791 2803 πανηγυρῖ
1856 2779 1858 2804 a*

1111 2814 1284 2861 γυμνασίῳ
1310 2815 1388 2857 764,
1408 2822 1425 2848 5
1788 2856 1790 2860 ,
1856 2805 1858 2845 ¹,

1066 2870 1234 2917 ἀλήθεια·
1274 2870 1421 2917 δηλώσω
1458 2869 1545 2915 μετὰ
1582 2870 1694 2915 πάσης
1733 2866 1821 2902 en«

1112 2927 1205 2967 θείας
1242 2928 1320 2971 669,
1340 2935 1370 2962 9.
1400 2925 1524 2962 ’καίτοι
1557 2931 1620 2974 τῆς
1653 2925 1736 2971 ιὶληΙ
1839 2924 1842 2926 ’
