1858 3126
193 116 275 158 288
418 116 507 149 VIII.
543 116 691 158 Imperii
714 116 865 149 Romani
889 116 1100 158 provinciae
1125 116 1330 149 orientales.
1380 119 1409 149 7.
1435 116 1550 158 Syria.
1700 117 1776 158 [595

308 254 423 309 δήμῳ
454 251 524 294 καὶ
553 256 624 308 τῆς
653 252 794 309 κυρίας
824 253 1039 309 πατρίδος3
1070 253 1108 294 οἱ
1145 254 1185 295 ἐν
1219 251 1430 300 Ποτιόλοις
1463 251 1468 309 Ι
1501 257 1776 302 κατοικοῦντες

260 332 279 363 5
308 321 487 377 χαίρειν·
519 320 530 378 ΙΙ
562 319 631 363 διὰ
668 320 760 369 τοὺς
797 320 917 369 θεοὺς
956 320 1024 364 καὶ
1060 322 1131 379 τὴν
1163 325 1232 364 τοῦ
1261 322 1402 379 κυρίου
1431 324 1546 378 ἡμῶν
1578 322 1776 380 αὐτοκρά-

305 405 419 445 τορος
464 390 589 446 τύχην
635 391 672 432 εἰ
715 391 786 433 καί
825 406 883 438 τις
929 390 1031 446 ἄλλη
1079 390 1286 447 στατίΙων4
1329 389 1434 433 ἐστὶν
1482 392 1522 433 ἐν
1565 390 1776 440 Ποτιόλοις

189 516 370 550 Hadriano
408 517 557 550 demum
594 518 759 560 principe
789 527 873 551 eum
903 518 1083 550 honorem
1115 518 1414 560 impetraverunt.
1462 517 1511 551 Cf.
1541 519 1670 552 Suidas
1695 528 1722 553 s.
1741 529 1775 552 v.

189 571 326 611 Παῦλος
350 572 489 621 Τύριος·
515 574 640 620 ῥήτωρ,
665 575 811 621 γεγονὼς
834 573 922 608 ’κατὰ
947 572 1087 608 Φίλωνα
1109 574 1166 608 τὸν
1190 572 1350 620 Βύβλιον,
1376 574 1412 612 ὃς
1437 573 1494 608 ἐπὶ
1514 570 1690 620 Ἀδριανοῦ
1715 579 1774 610 τοῦ

190 629 357 675 βασιλέως
382 631 590 677 πρεσβεύσας
616 630 828 677 μητρόπολιν
845 632 906 677 τὴν
925 630 1035 677 Τύρον
1061 631 1229 677 ἐποίησεν.
1271 633 1440 666 Ceterum
1457 635 1555 666 recte
1570 634 1681 667 Franz
1698 643 1775 667 mo-

188 690 259 732 net,
289 689 411 723 addito
436 688 495 723 mi
519 688 633 723 ἄλλων
659 687 792 723 πόλεων
818 690 864 723 ad
888 691 1129 732 antiquiorem
1154 690 1254 723 illam
1280 691 1437 724 nominis
1463 689 1675 735 μητρόπολις
1698 692 1775 725 vim

187 747 320 788 respici
329 756 338 789 ;
363 756 447 780 nam
473 747 572 790 Tyrii
595 748 732 789 ingenti
756 747 981 780 coloniarum
1006 756 1159 780 numero
1184 747 1443 789 gloriabantur.
1485 748 1534 782 Cf.
1561 748 1689 782 Strabo
1712 749 1733 782 l.
1752 749 1774 783 l.

187 802 222 836 αἱ
248 802 276 836 δ’
292 803 341 842 εἰς
364 804 427 850 τὴν
444 802 576 850 Λιβύην
601 804 660 838 καὶ
683 800 910 850 τὴνἸβηρίαν
936 802 1088 838 ἀποικίαι
1113 804 1214 850 μέχρι
1236 805 1294 838 καὶ
1320 804 1384 844 ἔξω
1411 803 1554 849 Στηλῶν
1578 805 1640 850 τὴν
1665 804 1774 851 Τύρον

186 858 290 894 πλέον
317 859 495 905 ἐξυμνοῦσι
513 860 679 906 (μᾶλλον).
787 864 805 893 3
839 863 1156 904 Importunissime
1171 862 1260 895 baec
1275 863 1335 895 hic
1351 863 1531 905 interponi
1549 865 1709 906 apparet,
1734 866 1775 897 ut

187 927 259 951 non
289 919 410 961 inepte
442 920 612 952 Franzius
642 919 859 952 iudicaverit
894 928 936 952 ea
972 922 1056 961 post
1089 918 1291 965 ναυαρχίδος
1326 920 1517 954 inserenda
1550 921 1672 964 fuisse,
1711 921 1776 954 sed

186 976 362 1018 lapicidae
387 977 527 1009 incuria
551 977 624 1009 illic
649 977 784 1010 omissa
809 977 1139 1018 animadversoque
1165 986 1290 1010 errore
1313 978 1374 1010 hic
1403 978 1573 1011 adiuncta
1602 987 1682 1012 esse
1713 979 1775 1011 ad-

186 1034 262 1066 dita
285 1034 435 1076 insuper
459 1043 571 1076 prave
596 1034 775 1076 particula
798 1033 866 1066 καὶ.
908 1034 976 1066 sed
1001 1033 1079 1066 fieri
1095 1034 1209 1077 etiam,
1221 1035 1353 1077 potest,
1378 1036 1420 1067 ut
1436 1035 1650 1078 simpliciter
1667 1045 1774 1078 gene-

186 1092 284 1124 tivus
301 1092 517 1124 soloecismo
536 1093 623 1124 tunc
639 1091 878 1124 usitatissimo
899 1099 967 1133 pro
987 1091 1108 1123 dativo
1133 1089 1191 1124 καὶ
1207 1091 1254 1136 τῇ
1276 1090 1376 1137 κυρίᾳ
1399 1091 1532 1137 πατρίδι
1555 1094 1699 1135 positus
1716 1094 1773 1126 sit.

184 1148 277 1182 Nam
309 1151 452 1191 praeter
485 1149 730 1191 magistratus,
762 1150 940 1191 senatum,
972 1149 1149 1191 populum
1182 1149 1332 1191 insuper
1364 1151 1479 1183 totam
1503 1151 1660 1193 patriam
1685 1151 1773 1184 civi—

185 1207 298 1238 tatem
329 1207 612 1239 commemorari
647 1206 707 1239 illo
739 1207 905 1248 tempore
939 1206 1075 1238 nullam
1109 1205 1220 1238 habet
1250 1206 1500 1250 offensionem,
1537 1209 1605 1241 etsi
1636 1217 1704 1250 per
1734 1217 1773 1241 se

185 1271 271 1295 sane
297 1263 418 1296 minus
442 1264 540 1296 recte
565 1271 604 1296 se
626 1263 747 1306 habet,
773 1264 858 1305 quia
882 1263 1009 1305 populi
1034 1263 1180 1295 nomine
1203 1264 1276 1296 iam
1301 1265 1377 1297 tota
1401 1265 1531 1298 civitas
1555 1265 1772 1298 continetur.

186 1322 203 1352 4
235 1320 375 1353 Nomen
399 1321 566 1354 Latinum
585 1321 684 1363 quod
701 1322 756 1353 est
779 1318 886 1354 statio
911 1320 1079 1353 inferiore
1095 1322 1211 1353 aetate
1227 1321 1325 1354 haud
1342 1330 1423 1354 raro
1441 1322 1478 1354 in
1494 1322 1609 1355 titulis
1627 1322 1772 1356 Graecis

185 1379 353 1411 occurrit.
395 1379 486 1410 Cum
512 1379 668 1411 Graecus
694 1387 814 1411 sermo
840 1378 938 1411 nulla
962 1379 1125 1411 novisset
1150 1379 1297 1411 nomina
1320 1379 1358 1411 in
1380 1390 1456 1412 -ιων
1481 1379 1648 1413 cadentia
1671 1380 1772 1413 femi-

185 1436 258 1467 nini
283 1436 435 1477 generis‚
461 1437 605 1477 praeter
628 1436 712 1482 χιών
742 1436 843 1478 quod
868 1445 939 1468 non
963 1445 1037 1468 uno
1064 1436 1209 1468 nomine
1234 1445 1255 1468 a
1278 1436 1503 1478 reliquorum
1536 1437 1773 1470 similitudine

184 1493 368 1535 abhorret,
393 1493 561 1526 videmus
586 1502 845 1535 nonnunquam
870 1502 933 1526 eos
958 1494 1021 1526 aut
1037 1493 1105 1526 alia
1122 1494 1377 1526 terminatione
1393 1494 1563 1527 adiuncta
1577 1495 1771 1528 flexionem

184 1551 305 1592 generi
335 1550 508 1583 feminino
540 1551 837 1584 accommodasse
868 1550 1062 1591 (στατιώναν
1093 1551 1203 1583 Inscr.
1231 1551 1287 1583 Gr.
1314 1551 1360 1584 ad
1392 1560 1450 1584 res
1482 1552 1584 1585 Rom.
1609 1554 1700 1595 pert.
1725 1553 1772 1585 III

184 1617 218 1650 p.
230 1611 290 1640 30⁴
315 1618 348 1641 n.
363 1610 440 1651 748,
461 1610 490 1650 4)
510 1611 572 1641 aut
589 1609 677 1641 adeo
695 1609 818 1650 ipsum
835 1617 948 1649 genus
966 1609 1127 1640 mutasse
1146 1606 1174 1649 (ὁ
1192 1606 1333 1640 στατίων
1358 1608 1450 1642 infra
1472 1618 1506 1641 n.
1525 1612 1603 1652 755,
1621 1609 1664 1651 4).
1701 1610 1771 1643 Sed

183 1666 399 1708 plerumque
424 1668 545 1699 tamen
568 1665 592 1710 ἡ
618 1663 760 1699 στατίων
786 1665 967 1698 dixerunt.
1014 1665 1065 1697 De
1090 1666 1284 1698 notissima
1308 1665 1368 1698 illa
1399 1666 1547 1699 militari
1571 1667 1682 1699 huius
1705 1676 1770 1700 no·

183 1724 292 1755 minis
316 1724 354 1756 vi
379 1723 438 1756 hic
462 1732 537 1756 non
562 1732 642 1756 esse
667 1723 902 1765 cogitandum
927 1724 1057 1764 sponte
1081 1724 1190 1765 patet.
1240 1723 1309 1755 Sed
1340 1722 1561 1765 significasse
1590 1723 1628 1756 id
1659 1724 1769 1757 etlam

182 1781 261 1813 loca
286 1790 358 1823 quo
383 1781 548 1814 homines
574 1781 681 1814 otiosi
707 1781 942 1813 convenirent
965 1782 1007 1812 ut
1031 1779 1352 1813 confabularentur
1378 1778 1524 1825 (λέσχας)
1549 1783 1701 1823 apparet
1723 1790 1767 1814 ex

182 1839 285 1871 Plinii
309 1839 398 1871 locis
424 1848 444 1871 a
467 1839 691 1871 Mommseno
717 1838 833 1870 allatis
864 1837 927 1879 Ep.
952 1838 976 1879 1,
1003 1840 1056 1879 43,
1082 1840 1101 1868 2
1128 1835 1293 1880 plerique
1321 1836 1366 1870 in
1388 1836 1607 1872 stationibus
1637 1837 1766 1872 sedent.

182 1897 222 1938 II,
243 1899 273 1938 9,
294 1900 311 1928 5
338 1895 460 1929 domos
482 1894 722 1938 stationesque
746 1893 935 1928 circumeo.
983 1894 1171 1927 Eiusmodi
1200 1903 1287 1927 vero
1320 1895 1399 1927 loca
1428 1894 1564 1927 Romae
1595 1895 1767 1928 habuisse

181 1954 347 1985 civitates
371 1953 653 1995 municipiaque,
678 1955 719 1985 ut
743 1953 807 1994 qui
831 1953 942 1985 domo
968 1953 1004 1984 in
1027 1952 1158 1984 urbem
1177 1953 1341 1984 venirent
1364 1952 1438 1984 illic
1455 1952 1653 1993 populares
1678 1961 1767 1985 suos

181 2010 305 2042 videre
330 2011 366 2042 et
391 2019 474 2042 cum
500 2011 544 2042 iis
569 1997 728 2051 colloqui
753 2011 914 2051 possent,
940 2018 1116 2051 apparere
1139 2009 1284 2041 videtur
1308 2018 1353 2041 ex
1375 2009 1548 2042 Suetonio
1573 2009 1704 2043 Neron.
1723 2012 1764 2042 37

182 2064 390 2100 Salvidieno
418 2064 532 2108 Orfito
556 2064 730 2100 obiectum
755 2068 805 2099 est
828 2065 922 2109 quod
943 2065 1112 2099 tabernas
1135 2067 1206 2098 tres
1229 2064 1271 2099 de
1294 2064 1398 2099 domo
1420 2076 1492 2099 sua
1515 2064 1615 2100 cirea
1641 2065 1766 2109 forum

180 2121 387 2157 civitatibus
403 2122 453 2156 ad
466 2121 658 2156 statioozem
673 2121 829 2155 locasset.
864 2123 948 2154 Plin.
967 2122 1046 2155 Nat.
1062 2123 1143 2154 hist.
1157 2122 1248 2164 XVI,
1263 2125 1329 2154 236
1346 2121 1488 2156 radices
1504 2121 1583 2157 eius
1600 2123 1764 2164 (arboris)

179 2179 223 2214 in
239 2179 363 2223 forum
385 2190 496 2223 usque
517 2177 687 2213 Caesaris
707 2190 775 2222 per
791 2178 962 2212 stationes
977 2177 1272 2222 municipiorum
1283 2181 1485 2222 penetrant.
1528 2181 1765 2222 sagacissime

180 2238 226 2270 ab
243 2238 299 2270 his
312 2237 533 2270 testimoniis
551 2237 736 2278 profectus
756 2239 812 2269 est
825 2237 1071 2269 Mommsenus
1084 2237 1120 2268 in
1139 2237 1244 2269 titulo
1264 2237 1460 2270 Puteolano
1479 2238 1763 2280 interpretando,

179 2295 243 2327 sed
268 2304 310 2327 ea
334 2304 406 2327 una
430 2295 467 2327 in
492 2303 530 2327 re
555 2294 678 2336 opinio
704 2303 788 2326 eum
813 2293 978 2326 fefellisse
1003 2294 1158 2336 videtur,
1184 2294 1282 2335 quod
1301 2294 1444 2327 illarum
1462 2295 1660 2328 stationum
1678 2303 1763 2328 eum

180 2352 416 2394 potissimum
433 2360 543 2384 usum
560 2351 671 2384 fuisse
687 2351 880 2393 existimat,
908 2352 947 2383 ut
963 2353 993 2383 si
1011 2351 1155 2392 quando
1174 2351 1310 2393 aliquid
1327 2351 1508 2393 magnifici
1533 2353 1570 2384 in
1587 2351 1664 2384 foro
1681 2360 1763 2394 per-

180 2411 355 2451 ageretur,
392 2409 490 2441 illinc
526 2410 691 2450 spectare
727 2410 878 2451 possent
908 2409 1157 2450 municipales.
1213 2408 1317 2447 Quod
1347 2410 1507 2451 primum
1546 2409 1695 2451 quidem
1726 2409 1763 2441 in

179 2457 331 2499 Romam
367 2468 477 2507 caput
513 2466 612 2498 orbis
649 2466 763 2507 magis
799 2466 964 2508 quadrat,
994 2475 1104 2507 quam
1140 2467 1176 2498 in
1213 2466 1394 2498 Puteolos.
1449 2466 1541 2498 Tum
1576 2475 1665 2498 vero
1703 2467 1763 2499 hic

179 2524 270 2566 lapis
296 2524 497 2555 monstrare
522 2523 611 2554 mihi
635 2523 790 2565 videtur,
817 2523 931 2555 multo
956 2523 1132 2555 maiorem
1158 2522 1267 2555 fuisse
1293 2523 1366 2555 vim
1393 2522 1557 2555 stationis
1582 2522 1619 2554 in
1645 2523 1762 2555 omni-

179 2581 249 2614 bus
274 2580 383 2613 rebus
409 2581 653 2612 mercatorum
670 2581 866 2622 Tyriorum
883 2581 1041 2613 Puteolis
1066 2580 1320 2622 habitantium,
1345 2588 1456 2621 quam
1473 2581 1515 2611 ut
1530 2579 1590 2612 illa
1607 2580 1762 2612 Momm-

179 2639 256 2671 seni
280 2638 456 2671 sententia
480 2639 578 2669 recte
609 2646 647 2669 se
672 2637 805 2670 habere
829 2639 956 2679 possit.
1006 2638 1096 2670 Sane
1125 2637 1225 2679 quod
1248 2637 1393 2678 Ignarra
1423 2636 1493 2669 sibi
1521 2638 1702 2678 persuasit
1725 2639 1762 2669 et

180 2696 348 2728 Franzius
372 2694 553 2737 probavit,
579 2694 753 2726 stationes
778 2695 866 2726 nihil
888 2695 987 2727 aliud
1011 2703 1090 2727 esse
1106 2695 1215 2735 atque
1239 2681 1425 2736 ἔμποριπιὰς
1449 2691 1623 2730 κατοικίας
1647 2694 1760 2726 Phoe-

178 2754 312 2794 nicum,
338 2761 493 2794 quarum
518 2750 646 2783 Strabo
670 2751 777 2793 XVII,
797 2754 827 2792 3,
845 2754 864 2783 2
891 2760 925 2793 p.
946 2754 1011 2784 825
1037 2751 1258 2783 mentionem
1283 2749 1425 2792 faceret,
1458 2750 1669 2783 incredibile
1693 2751 1759 2783 est.

179 2809 231 2841 An
255 2809 467 2851 putabimus
487 2809 606 2852 ‘totam
631 2807 757 2849 oppidi
774 2809 926 2850 partem,
953 2817 1060 2849 quam
1079 2807 1178 2848 Tyrii
1194 2806 1409 2849 habitarent,
1435 2807 1666 2840 denariorum
1693 2807 1759 2839 du-

178 2868 368 2899 centorum
403 2865 663 2908 qulnquaginta
698 2865 815 2907 pretio
852 2865 897 2905 (v.
924 2866 976 2905 44)
1013 2864 1229 2897 conductam
1269 2862 1374 2896 esse‘?
1423 2864 1527 2902 Quod
1564 2864 1757 2906 Tyriorum

1850 48 1858 85 i

1851 86 1858 114 3

1851 119 1858 145 ι

1853 159 1858 170 .
