1858 3126
46 223 126 266 647]
594 220 749 255 Zenobia
772 222 809 254 et
831 220 1077 255 Vaballathus.
1539 223 1624 264 355

157 359 220 416 τρὶ
258 360 330 401 τοῦ
369 357 376 414 Ι
416 358 559 414 <του>5
602 357 800 413 ἀηττήτου
838 355 1208 414 [Αὐτοᾙκράτορος6
1247 356 1577 415 Οὔαβαλλιῆθου]
1607 358 1623 415 Ι

153 421 432 484 Ἀθηνοδώρου
444 428 472 468 ⁷.

42 570 249 605 coniunctis
276 579 386 604 usum
418 578 509 604 esse.
554 568 673 608 Quare
704 570 758 602 sic
786 577 871 602 cum
895 569 1026 602 Salleto
1051 569 1284 602 statuendum
1315 572 1386 603 est:
1424 571 1626 614 superstite

35 628 175 662 marito
199 627 407 662 Odaenatho
431 626 587 661 Zenobia
611 635 650 660 se
673 626 800 660 Iuliam
824 626 1007 660 Aureliam
1032 626 1237 669 appellavit.
1278 627 1346 660 Sed
1371 628 1430 661 illo
1455 627 1624 661 defuncto

41 694 116 728 quo
138 685 272 719 clarius
295 685 471 718 indicaret
493 692 533 718 se
556 684 653 717 illius
668 684 867 726 gloriosum
887 684 1083 726 imperium
1106 683 1329 726 continuare,
1354 684 1625 726 quodammodo

42 743 80 774 in
109 742 188 776 eius
217 742 391 776 familiam
421 750 461 775 se
490 741 689 784 adoptavit.
740 740 831 774 Nam
862 749 943 774 eam
976 741 1092 783 ipsius
1124 741 1288 783 coniugis
1320 743 1552 784 testamento,
1584 744 1626 775 ut

41 799 179 833 Liviam
204 799 251 833 ab
265 799 441 842 Augusto,
465 798 675 841 adoptatam
699 806 779 832 esse
803 800 955 841 propter
978 798 1206 840 repentinum
1232 800 1269 831 et
1294 798 1495 832 violentum
1512 798 1625 832 Odae-

41 856 143 890 nathi
165 857 296 891 mortis
317 863 432 899 genus
456 856 578 889 minus
601 855 791 898 probabile
806 857 871 888 est.
994 858 1013 887 8
1045 855 1095 888 Cf.
1121 855 1334 898 Prosopogr.
1353 856 1440 898 imp.
1459 856 1560 890 Rom.
1578 856 1624 888 111

41 921 78 956 p.
100 915 167 946 2⁴7
197 922 231 947 n.
261 915 340 947 ⁸55.
395 912 501 952 Quod
537 912 691 946 Zenobia
723 913 783 945 hic
820 921 891 945 non
933 912 1055 954 regina
1097 910 1296 956 (βασίλισσα)
1333 913 1548 955 appellatur,
1583 915 1626 945 ut

42 978 76 1003 n.
90 970 169 1012 ⁶⁴8,
186 972 218 1003 Β.
245 971 323 1013 849,
341 971 371 1013 4,
397 979 469 1003 non
493 970 680 1012 temporis,
706 969 770 1003 sed
794 969 866 1002 loci
883 969 1094 1002 diversitate
1114 969 1327 1012 explicatur.
1368 969 1460 1003 Nam
1478 970 1528 1003 illi
1546 971 1625 1012 qui-

38 1026 124 1060 ·dem
147 1027 353 1070 Palmyreni
377 1028 463 1060 sunt
485 1027 592 1069 tituli,
618 1027 678 1059 hie
701 1027 738 1059 in
755 1027 932 1060 Phoenice
954 1028 1134 1069 repertus.
1174 1027 1333 1069 Apparet
1356 1028 1468 1068 igitur
1484 1028 1623 1069 regium

39 1092 171 1118 nomen
195 1084 232 1118 in
249 1083 447 1118 Odaenathi
466 1085 580 1127 stirpe
597 1084 745 1126 proprie
763 1093 835 1117 non
851 1084 978 1117 referri
1002 1084 1071 1117 nisi
1097 1084 1141 1117 ad
1166 1084 1284 1126 ipsam
1309 1085 1463 1127 patriam
1483 1085 1624 1127 Palmy-

39 1149 130 1174 ram.
248 1143 267 1174 t
298 1140 377 1180 Quo
401 1142 568 1184 tempore
584 1140 819 1174 Vaballathus
843 1140 950 1182 filius,
978 1141 1083 1174 cuius
1100 1142 1245 1174 nomine
1263 1141 1417 1174 Zenobia
1442 1142 1624 1184 regnabat,

39 1197 232 1231 etiamtum
265 1197 420 1240 Augusti
455 1198 601 1231 nomine
635 1196 783 1230 carebat
818 1199 854 1229 et
884 1198 920 1230 in
956 1197 1027 1230 fide
1059 1197 1199 1230 Claudii
1229 1198 1286 1230 vel
1316 1198 1499 1230 Aureliani
1535 1201 1623 1240 erat,

39 1255 194 1298 matrem
228 1255 300 1287 iam
330 1254 532 1296 Augustam
563 1255 690 1287 vocari
721 1254 875 1287 mireris.
922 1254 991 1286 Sed
1024 1255 1121 1286 recte
1154 1254 1403 1287 Mommsenus
1441 1254 1623 1296 observat,

42 1319 214 1352 magnum
244 1311 468 1344 intercedere
503 1310 709 1352 discrimen,
747 1311 922 1352 quoniam
954 1308 1140 1353 Auquatm
1169 1311 1314 1352 imperii
1350 1312 1386 1343 et
1422 1312 1623 1353 potestatis,

40 1365 208 1411 Auywta
229 1375 318 1400 vero
342 1368 434 1400 meri
457 1367 608 1400 honoris
633 1375 765 1400 nomen
789 1368 848 1409 sit,
878 1366 978 1409 quod
1002 1368 1036 1399 ei
1067 1375 1178 1409 penes
1202 1376 1312 1409 quam
1337 1376 1412 1400 non
1436 1376 1623 1400 summum

40 1432 164 1459 rerum
191 1424 433 1457 Romanarum
457 1423 649 1457 arbitrium
674 1425 770 1457 esset
800 1423 913 1456 tribui
936 1423 1023 1456 nibil
1055 1423 1187 1456 habeat
1211 1424 1356 1456 insoliti.
1479 1427 1498 1456 5
1532 1424 1623 1457 Cum

0 1495 1 1502 ¹
41 1477 240 1525 [Σεβασ1τοῦ
263 1481 534 1524 supplevissent
557 1481 792 1523 antiquiores,
818 1480 855 1513 id
878 1480 1063 1522 redarguit
1081 1479 1334 1522 Waddington.
1376 1481 1456 1523 Ipse
1480 1478 1625 1523 [δεσπ61-

39 1547 101 1571 του
126 1538 284 1581 scripsit,
309 1537 374 1571 sed
396 1539 507 1571 etiam
530 1534 784 1583 λαμπροτάτου,
807 1534 1001 1583 κρατίστου,
1026 1535 1184 1581 μεγίστου
1208 1536 1301 1570 bene
1325 1545 1364 1570 se
1388 1537 1522 1571 habere
1537 1547 1623 1571 con-

41 1595 161 1628 cessit.
199 1594 245 1628 At
268 1594 478 1628 Wilckenus
500 1603 585 1627 cum
610 1595 819 1637 exemplum
843 1594 1060 1636 Lepsianum
1090 1593 1144 1635 (cf.
1170 1594 1327 1636 lemma),
1357 1595 1442 1627 utut
1474 1595 1622 1638 reliquis

40 1653 78 1685 in
102 1651 212 1685 rebus
236 1653 453 1694 corruptum
479 1654 584 1694 esset,
617 1653 738 1684 tamen
762 1651 951 1684 manifesto
976 1652 1239 1684 accuratiorem
1263 1660 1439 1684 versuum
1470 1652 1624 1695 disposi-

37 1709 149 1743 tionis
172 1709 367 1751 imaginem
391 1717 500 1751 quam
525 1709 665 1751 reliqua
681 1708 852 1741 exhibere
869 1708 1112 1750 observasset,
1138 1708 1339 1750 praefracte
1360 1710 1514 1751 negavit,
1540 1713 1623 1752 post

38 1767 100 1799 τοῦ
123 1775 159 1799 v.
178 1769 198 1798 5
223 1767 314 1800 extr.
337 1766 534 1808 quiequam
557 1765 716 1807 amplius
738 1766 918 1807 scriptum
942 1765 1064 1798 fuisse.
1105 1765 1185 1798 Non
1214 1766 1324 1806 igitur
1355 1766 1392 1798 in
1417 1766 1621 1808 supplendo

41 1821 313 1866 elaborandum,
345 1822 410 1856 sed
434 1822 648 1865 simpliciter
675 1822 908 1855 statuendum
932 1831 1012 1855 esse
1036 1822 1231 1855 articulum
1257 1822 1432 1864 lapicidae
1456 1824 1623 1857 socordia

40 1879 248 1922 repetitum.
366 1882 385 1911 6
409 1879 613 1913 Vaballathi
637 1880 778 1912 nummi
802 1881 946 1912 exstant
971 1888 1056 1912 cum
1081 1880 1117 1912 in
1140 1879 1306 1921 Aegypto
1340 1881 1420 1912 cusi
1452 1889 1538 1912 cum
1568 1882 1626 1913 in-

40 1936 303 1979 scriptionibus
333 1937 489 1980 Graecis,
525 1939 604 1970 tum
637 1937 732 1979 Syrii
761 1937 885 1970 Latine
921 1937 1096 1978 inscripti.
1144 1936 1262 1978 Atque
1298 1937 1334 1969 in
1370 1937 1440 1970 illis
1476 1937 1624 1979 quidem

43 1991 230 2037 ὑμιπιιὸς)
253 1991 495 2040 α(ὐτοαράτωρ)
520 1993 728 2039 σ(τρατηγὸς)
750 1989 970 2037 Ῥω(μαίων),
1003 1994 1040 2026 in
1069 1994 1126 2026 his
1155 1992 1233 2035 πᾶν)
1259 1991 1513 2036 durissimus)
1538 1995 1621 2037 ηαδ)

37 2047 268 2094 immet-ator)
290 2049 386 2093 dmm)
409 2049 682 2093 Romanorum)
708 2052 886 2093 scriptum
910 2053 975 2084 est.
1014 2049 1107 2084 Nam
1131 2059 1225 2092 quae
1249 2050 1369 2084 Salleti
1393 2052 1624 2085 Mommseni-

42 2115 115 2150 que
138 2106 302 2141 doctrina
323 2110 361 2141 et
384 2109 560 2150 sagacitas
584 2117 628 2141 ex
652 2107 924 2150 compendiaria
949 2116 1186 2140 nummorum
1211 2108 1393 2150 scriptura
1417 2109 1549 2151 elicuit,
1581 2118 1623 2142 ea

0 2188 1 2194 ,
40 2163 327 2197 inculentissime
355 2165 568 2198 confirmata
596 2167 683 2198 sunt
713 2175 734 2198 a
762 2165 948 2198 Wilckeno
980 2165 1189 2198 testimonio
1220 2166 1352 2207 papyri
1383 2165 1622 2199 Berolinensis

0 2204 2 2222 ¹
42 2221 128 2263 (not.
147 2221 178 2262 ⁴)
201 2220 266 2253 ubi
290 2221 441 2254 totidem
464 2223 594 2255 utteris
618 2223 754 2264 scripta
777 2222 889 2255 hahes
911 2223 972 2254 τοῦ
996 2219 1114 2265 κυρίου
1139 2220 1239 2266 ἡμῶν
1264 2218 1447 2266 Σεπτιμεου
1466 2219 1622 2266 osaea).-

43 2274 154 2311 λάῦου
185 2273 419 2322 Ἀθηνοδώρου
447 2280 508 2311 τοῦ
538 2276 781 2324 λαμπροτάτου
813 2277 981 2322 βασιλέως
1010 2276 1259 2323 αὐτοκράτορος
1291 2281 1481 2324 στρατηγοῦ
1515 2274 1622 2320 Ῥ(ω)-

44 2332 165 2379 μαίων.
204 2334 357 2376 Augusti
380 2344 512 2368 nomen
534 2336 646 2377 igitur
669 2337 748 2369 tum
773 2336 919 2369 demum
945 2336 1155 2378 assumpsit,
1180 2344 1265 2368 cum
1289 2344 1376 2368 vere
1399 2338 1462 2368 aut
1485 2337 1623 2369 aestate

40 2391 129 2424 anni
153 2393 213 2423 27⁴
234 2400 270 2433 p.
288 2392 370 2425 Chr.
394 2391 575 2425 Aureliani
606 2393 835 2435 imperatoris
865 2392 974 2425 fidem
1005 2394 1154 2426 exueret
1187 2393 1273 2434 (not.
1293 2393 1335 2434 4).
1465 2395 1483 2425 7
1516 2393 1623 2435 Apud

15 2441 19 2479 ἶ
41 2449 242 2491 scriptores
265 2457 339 2482 uno
362 2449 444 2481 loco
475 2449 585 2482 huius
609 2449 806 2482 Odaenathi
828 2449 891 2482 filii
924 2451 1060 2482 mentio
1084 2449 1135 2492 fit,
1169 2450 1297 2491 Script.
1322 2450 1406 2482 hist.
1429 2449 1517 2491 Aug.
1540 2449 1623 2482 Vita
1662 2471 1668 2480 .

16 2505 226 2538 .‘Anreliani
251 2507 309 2538 38:
342 2504 408 2539 hoe
436 2515 571 2549 quoque
593 2504 644 2539 ad
669 2515 748 2539 rem
771 2503 954 2549 pertinere
984 2505 1144 2540 arbitror
1168 2504 1341 2540 Bahalati
1366 2504 1445 2549 filii
1473 2505 1623 2540 nomine

39 2558 252 2604 ι’Ζοποῠίαηι,
276 2571 353 2596 nem
371 2561 528 2596 Timolai
549 2563 582 2596 et
596 2560 831 2596 Herenniani
851 2561 1053 2606 impem'um
1075 2561 1242 2605 tenuisse,
1268 2562 1362 2606 quod
1383 2561 1508 2596 tenuit.
1549 2563 1622 2596 Hae

38 2618 301 2652 observatione
325 2620 530 2662 impugnari
554 2620 795 2653 narrationem
821 2629 914 2662 quae
937 2621 975 2653 in
999 2621 1078 2653 aliis
1102 2620 1266 2654 eiusdem
1290 2620 1512 2652 collectionis
1536 2621 1621 2652 vitis

40 2676 207 2708 occurrit
229 2676 384 2717 (Gallien.
403 2679 464 2709 ⁴3:
495 2678 574 2710 tum
596 2674 754 2710 Zenobia
779 2686 872 2710 uxor
893 2675 982 2719 eius,
1015 2675 1109 2720 quod
1125 2674 1278 2720 parvuli
1299 2678 1412 2709 essent
1439 2674 1517 2718 filii
1544 2674 1623 2708 eius

38 2729 115 2773 vui
133 2734 347 2775 &operer-mat
368 2731 628 2767 Hermmianus
651 2735 683 2767 a
706 2731 900 2775 Timolaus,
931 2732 1016 2776 ipsa
1036 2731 1194 2775 suscepit
1214 2730 1424 2775 imperium.
1464 2731 1622 2771 Triginta

22 2819 27 2827 ‚
44 2787 195 2828 rtyranni
211 2789 265 2822 45.
283 2792 337 2822 47.
355 2792 409 2823 sk.
429 2792 482 2822 30.
515 2790 685 2823 Claudius
702 2793 756 2823 47.
793 2789 933 2822 Probus
950 2789 1005 2829 22)
1030 2790 1111 2821 luce
1127 2789 1259 2821 clarius
1276 2790 1340 2821 est.
1381 2787 1505 2828 Neque
1521 2795 1620 2828 vero,

23 2862 26 2885 ;
49 2842 88 2876 id
102 2844 204 2885 quod
219 2846 382 2878 nonnulli
404 2847 569 2880 homines
586 2847 683 2880 docti
699 2847 1007 2886 existimaverunt,
1028 2847 1103 2877 tres
1121 2845 1232 2877 fuisse
1248 2843 1445 2876 Odaenathi
1468 2843 1560 2875 filios
1577 2851 1621 2875 ex

43 2898 215 2942 zenobia,
239 2901 303 2933 sed
319 2910 363 2934 ex
379 2903 431 2936 eis
446 2912 518 2935 non
534 2904 798 2936 Herennianum
815 2904 851 2934 et
866 2902 1079 2942 Timolaum,
1098 2901 1233 2942 quippe
1251 2900 1314 2941 qui
1331 2900 1446 2932 aetate
1463 2899 1621 2932 minores

26 2975 27 2978 =
51 2958 182 2999 essent,
212 2956 276 2989 sed
297 2957 551 2992 Vaballathum
575 2960 794 2993 successisse
817 2959 912 3001 patri
937 2957 1160 2999 biographus
1183 2956 1365 2994 Aureliani
1388 2956 1533 2998 indicat,
1557 2956 1622 2988 sed

1280 3021 1347 3055 23*
