1858 3126
202 124 287 163 552
753 122 925 156 Addenda
949 126 985 155 et
1009 124 1239 165 Corrigenda.

294 261 451 303 agnovit,
476 270 511 293 v.
530 263 573 292 26
602 261 800 303 ΕΙΚΟΣΙΝ,
826 263 867 294 ut
883 271 927 295 ne
944 260 1028 294 alibi
1047 261 1195 303 quidem
1212 270 1369 304 usquam
1385 265 1467 296 ante
1486 264 1649 297 vocalem
1665 265 1702 298 in
1718 264 1788 298 hoc

293 317 398 350 titulo
419 319 444 350 Ν
472 318 711 360 omitteretur,
738 327 773 350 v.
791 320 857 352 482
882 319 1134 361 ΑΦΕΙΕΣΘΩ,
1159 319 1260 361 quod
1277 328 1448 362 praesens
1465 321 1611 363 syntaxi
1634 321 1788 363 flagitari
1854 309 1858 319 Ἰ

293 375 364 407 iam
381 375 598 417 priusquam
623 375 660 408 in
677 375 796 418 lapide
812 378 1021 418 agnosceret
1038 378 1283 418 perspexerat.
1324 377 1624 411 Emendationem
1648 379 1789 412 lenissi-

293 440 391 464 mam
421 430 706 476 κομι[ζ]ἑσθωσαν
731 441 766 465 v.
786 435 826 465 89
858 433 936 475 ipse
967 442 1114 475 quoque
1144 434 1180 466 in
1206 433 1368 466 medium
1393 435 1555 477 protulit.
1595 435 1665 468 Sed
1688 435 1786 477 quod

292 491 402 522 ν.429
421 489 584 523 dativum
602 487 720 535 πέτραι
741 489 930 523 defendere
947 499 1056 532 posse
1075 490 1144 523 sibi
1161 490 1315 534 videtur,
1341 499 1425 524 cum
1443 500 1486 524 eo
1500 491 1615 525 facere
1632 501 1788 535 nequeo.
1856 532 1858 535 ⁸

200 546 235 578 P.
255 549 319 579 405
347 556 380 580 n.
400 549 476 580 ⁴84.
524 547 743 581 Acutissime
767 549 803 580 et
820 547 1029 580 doctiss1me
1047 548 1091 580 de
1107 549 1175 581 hac
1191 549 1429 591 inscriptione
1446 549 1648 592 disputavit
1663 549 1785 582 Bruno
1856 547 1858 586 ξ

291 604 367 636 Keil
385 605 499 638 Mitth.
513 604 576 638 des
593 605 689 638 arch.
704 605 790 638 Inst.
803 605 839 637 in
854 604 971 637 Athen
983 605 1099 637 XXIX
1118 607 1205 638 4904
1224 614 1259 648 p.
1271 608 1312 638 ‘13
1327 614 1406 648 sqq.
1447 606 1515 645 Qui
1531 607 1693 649 primum
1707 607 1787 649 qui·

292 661 374 694 dem
392 671 426 694 v.
438 664 480 695 28
507 662 633 695 Prottii
650 662 944 704 supplementum
963 660 1091 707 (δῆλ)ον
1109 663 1270 705 itemque
1282 664 1400 696 totam
1412 663 1509 696 illius
1521 664 1788 706 interpretatio·
1852 665 1858 703 j

292 728 374 752 nem
393 719 501 752 huius
526 719 598 752 loci
615 719 809 762 improbat.
851 719 992 752 Etenim
1018 718 1154 766 ὀλίγους
1180 730 1250 754 non
1266 721 1422 754 humiles
1439 729 1530 762 esse,
1556 721 1620 754 sed
1636 729 1788 764 paucos».
1854 711 1858 727 '

291 776 361 809 Eos
386 785 474 809 vero
499 777 657 817 intellegi
681 777 838 819 piscium
864 777 1084 810 venditores.
1126 777 1195 816 Qui
1220 786 1306 810 cum
1338 778 1409 811 illis
1434 779 1569 821 iniquis
1592 779 1787 812 exactioni·
1853 767 1858 815 Ξ

293 832 360 866 bus
378 835 607 876 vexarentur,
633 834 706 866 iam
725 833 804 875 (καὶ)
828 834 898 867 hoc
914 834 1036 876 ipsum
1054 834 1230 867 iniustum
1254 843 1344 868 esse.
1385 835 1455 868 Sed
1479 843 1565 868 cum
1590 836 1700 869 etiam
1723 837 1787 878 qui
1855 827 1858 861 ἕ

291 893 462 934 emerent,
488 892 552 934 qui
569 891 719 934 plurimi
741 893 872 933 essent,
897 891 991 924 hanc
1014 892 1244 934 iniquitatem
1264 893 1469 926 necessario
1488 893 1673 935 sentirent,
1700 893 1787 935 quia
1853 890 1858 939 j

291 948 341 980 illi
365 949 482 990 pretia
514 950 698 990 augerent,
731 948 841 981 etiam
866 948 982 981 multo
1015 949 1193 982 maiorem
1223 949 1302 982 fleri
1334 950 1515 982 iniuriam.
1555 949 1674 988 Quare
1699 949 1788 982 illud

291 1006 410 1038 ΑΙΟΝ
429 1014 503 1039 non
519 1014 564 1038 ex
579 1003 712 1050 (δῆλ)ον
730 1007 957 1047 corruptum,
976 1005 1013 1038 id
1030 1005 1129 1048 quod
1145 1006 1255 1039 etiam
1272 1015 1293 1039 a
1308 1006 1513 1039 litterarum
1525 1005 1697 1040 ductibus
1715 1016 1787 1040 non

291 1062 447 1095 multum
465 1062 731 1105 probabilitatis
747 1062 908 1104 haberet,
934 1062 998 1095 sed
1015 1071 1060 1095 ex
1085 1061 1135 1105 [οὐ
1163 1060 1305 1105 δίκ]αιον
1331 1063 1470 1106 aliquot
1492 1063 1623 1097 litteris
1641 1064 1788 1097 omissis
1819 1102 1824 1105 .

291 1121 416 1152 natum
433 1129 528 1162 esse;
550 1129 645 1162 quae
657 1120 779 1153 omnia
797 1120 886 1152 mihi
900 1120 1047 1162 quidem
1060 1120 1231 1163 probavit
1243 1121 1353 1154 homo
1375 1121 1622 1155 doctissimus.
1655 1121 1788 1154 Contra

291 1186 323 1208 v.
333 1179 374 1208 23
391 1177 599 1219 genetivum
613 1174 771 1223 ἐργασίας
787 1178 928 1220 retinet,
947 1177 1012 1210 sed
1027 1179 1109 1210 ante
1126 1176 1222 1211 δοκεῖ
1233 1178 1370 1211 conicit
1382 1175 1529 1217 διάταξις
1546 1177 1599 1220 (ct.
1614 1187 1655 1212 v.
1665 1180 1717 1211 36.
1732 1178 1786 1219 37)

291 1236 354 1267 aut
381 1235 560 1268 omissum
591 1236 654 1267 aut
682 1236 780 1267 certe
812 1236 933 1267 mente
965 1235 1208 1277 supplendum
1236 1235 1341 1268 esse.'
1367 1234 1413 1268 At
1435 1235 1506 1268 hoc
1533 1235 1681 1278 quidem
1706 1243 1788 1277 perv

290 1301 401 1334 quam
425 1292 627 1325 violentum
652 1293 717 1334 est,
743 1291 832 1324 illud
849 1300 936 1324 vero
961 1301 1033 1325 non
1050 1292 1166 1326 multo
1191 1292 1318 1335 lenius,
1343 1294 1380 1325 et
1404 1292 1449 1326 de
1466 1292 1518 1326 eis
1535 1301 1629 1335 quae
1653 1292 1691 1325 in
1710 1292 1787 1334 lege

291 1347 459 1391 (διατάξει)
485 1350 622 1391 scripta
646 1351 742 1391 sunt,
775 1358 849 1392 quo
876 1350 982 1392 pacto
1007 1349 1078 1382 dici
1102 1350 1186 1383 licet
1210 1348 1331 1383 δοκεῖ
1356 1347 1582 1395 διαλέγεσθαι,
1612 1350 1786 1392 tanquam

291 1408 323 1440 si
359 1407 396 1439 in
438 1407 608 1449 opinione
644 1406 806 1448 positum
837 1407 943 1448 esset,
977 1406 1066 1448 quid
1102 1406 1175 1439 illic
1210 1407 1389 1449 scriptum
1422 1407 1530 1449 esset,
1565 1405 1653 1448 quid
1687 1403 1786 1439 non?

291 1464 410 1502 Quare
441 1465 483 1496 ut
518 1473 596 1496 rem
627 1464 802 1496 incertam
832 1472 912 1496 esse
941 1472 1059 1506 neque
1083 1464 1210 1497 Prottii
1234 1465 1482 1497 coniecturam
1511 1462 1786 1497 difficultatibus
1842 1479 1846 1505 ⁴.

293 1530 415 1554 carere
429 1521 600 1564 concedo,
621 1522 674 1554 sic
693 1522 730 1554 in
746 1521 849 1554 Keilii
867 1522 1081 1554 sententIam
1103 1521 1257 1564 pedibus
1276 1521 1329 1554 ire
1349 1529 1502 1563 nequeo.
1539 1520 1668 1563 Utique
1684 1521 1787 1554 illum
1840 1546 1843 1550 «

291 1578 336 1611 de
359 1580 463 1612 vocis
489 1576 647 1624 ἐργασταὶ
671 1579 819 1611 notione
844 1587 989 1611 mecum
1006 1579 1209 1612 consentire
1226 1579 1361 1612 eximio
1387 1587 1472 1612 cum
1497 1577 1628 1620 gaudio
1653 1577 1740 1611 vidi.

197 1636 234 1669 P.
252 1638 317 1669 ⁴57
344 1645 377 1669 n.
396 1638 474 1669 542.
523 1635 708 1678 Repetitus
740 1637 795 1668 est
825 1636 955 1668 titulus
979 1636 1101 1668 Revue
1125 1636 1404 1678 archeologique
1428 1635 1640 1674 Quatrieme
1663 1637 1733 1668 ser.
1756 1635 1787 1666 11

292 1696 380 1726 4903
406 1702 442 1736 p.
462 1695 527 1726 474
554 1702 587 1726 n.
606 1695 684 1725 207.

198 1752 234 1784 P.
253 1754 317 1783 222
343 1760 377 1784 n.
397 1753 475 1783 548.
523 1749 656 1792 Lapide
681 1751 814 1783 iterum
839 1750 969 1783 collato
994 1750 1143 1782 titulum
1167 1750 1280 1783 edidit
1304 1750 1343 1782 G.
1361 1749 1500 1783 Mendel
1523 1749 1614 1782 Bull.
1631 1748 1676 1782 de
1692 1756 1785 1781 corr.

291 1809 380 1842 Hell.
397 1808 527 1841 XXVII
553 1810 641 1840 4902
666 1816 701 1850 p.
721 1810 784 1840 324
812 1817 845 1840 n.
865 1809 919 1850 28,
945 1809 981 1839 et
997 1806 1142 1840 definite
1159 1809 1313 1840 testatus
1331 1808 1386 1839 est
1410 1816 1447 1839 v.
1464 1808 1482 1838 3
1509 1806 1582 1840 ΔΙΕ
1606 1806 1643 1839 in
1668 1805 1787 1848 lapide

291 1874 380 1899 esse.
420 1865 590 1898 Doubleti
615 1874 778 1898 errorem
804 1865 904 1899 ΚΑΙΣ
929 1863 1133 1897 exhibentis
1158 1863 1240 1896 inde
1257 1865 1395 1905 natum,
1419 1863 1520 1905 quod
1544 1863 1638 1896 duae
1662 1862 1789 1895 fortui-
1835 1866 1838 1885 ἰ

292 1925 350 1956 tae
372 1923 502 1965 lapidis
527 1923 642 1955 rimae
673 1923 724 1955 ita
748 1931 833 1955 cum
858 1922 985 1954 dextra
1009 1922 1175 1964 proxime
1197 1920 1442 1954 antecedentis
1465 1920 1605 1956 litterae
1631 1921 1658 1952 Ν
1684 1919 1789 1953 hasta
1836 1943 1839 1946 -

292 1981 411 2014 media
433 1980 749 2022 coniungerentur,
774 1981 815 2012 ut
832 1979 939 2012 fallax
954 1978 1129 2020 ligaturae
1156 1979 1201 2011 N<
1225 1977 1364 2020 species
1383 1978 1559 2010 oreretur.
1600 1976 1788 2009 Praeterea
1836 1981 1839 1983 ’

291 2037 456 2070 Mendelii
493 2037 660 2079 exemplo
700 2036 946 2078 antiquiorum
987 2035 1194 2068 testimonia
1225 2033 1496 2075 confirmantur,
1535 2033 1604 2066 nisi
1643 2033 1743 2075 quod
1768 2036 1787 2066 5

290 2094 509 2136 simpliciter
529 2090 995 2133 ΠΟΝΤΙΦΙΚΑΓΑΜΒΡΟΝ
1031 2093 1067 2124 in
1092 2091 1211 2133 lapide
1235 2099 1315 2123 esse
1340 2090 1535 2132 discimus;
1567 2092 1652 2123 v.28.
1673 2092 1691 2121 9
1717 2098 1789 2123 non
1832 2119 1834 2122 .

294 2149 490 2195 Σεβ(αστοῦ)
510 2148 516 2193 Ι
537 2149 616 2192 [τὸν]
634 2149 795 2194 πάτρωνα
815 2149 878 2182 sed
902 2146 1121 2193 ΣεβΙ[αστοῦ,]
1139 2147 1311 2191 πάτρωνα.
1348 2147 1453 2186 Quod
1474 2146 1631 2189 probare
1647 2155 1786 2190 nequeo
1830 2148 1831 2151 ’

293 2219 378 2242 cum
404 2208 490 2251 quia
514 2217 549 2240 v.
566 2210 585 2240 9
616 2207 718 2239 initio
743 2216 788 2239 ex
818 2207 934 2248 ipsius
959 2205 1124 2239 Mendelii
1149 2205 1358 2247 apographo
1383 2204 1610 2247 probabilius
1635 2205 1692 2237 est
1715 2205 1787 2236 tres

293 2276 405 2309 quam
429 2265 590 2308 quinque
614 2264 751 2296 litteras
768 2263 1005 2305 intercidisse,
1029 2264 1108 2294 tum
1134 2263 1219 2304 quia
1240 2261 1335 2294 illius
1359 2261 1613 2304 supplementa
1637 2262 1788 2303 peccant

293 2325 420 2357 contra
443 2322 559 2364 legem
575 2329 704 2354 versus
729 2329 795 2362 per
818 2321 975 2362 integras
999 2319 1158 2361 syllabas
1178 2319 1422 2361 distInguendi
1446 2318 1634 2360 ceteroqui
1658 2318 1695 2351 in
1718 2317 1788 2350 hoc
1824 2323 1826 2342 ῑ

290 2381 397 2414 titulo
417 2380 582 2421 religiose
598 2378 840 2411 observatam.
881 2378 1049 2410 Ceterum
1067 2376 1161 2410 alius
1178 2376 1320 2419 lapidis,
1346 2376 1410 2418 qui
1437 2376 1623 2418 geminum
1639 2374 1788 2408 titulum

293 2437 460 2479 habebat,
485 2437 626 2478 partem
650 2435 814 2468 dextram
840 2435 876 2466 in
901 2444 973 2476 qua
997 2443 1135 2476 paucae
1160 2434 1270 2467 modo
1295 2434 1474 2476 cuiusque
1495 2440 1625 2466 versus
1648 2432 1788 2464 litterae

292 2496 445 2535 exstant,
470 2494 631 2535 itemque
654 2492 753 2525 tertii
777 2491 931 2525 frustula
954 2492 1102 2533 exiguas
1127 2492 1265 2524 sinistri
1287 2491 1458 2533 marginis
1483 2489 1679 2532 particulas
1703 2497 1786 2522 con-

293 2551 443 2590 tinentia
465 2549 593 2583 eodem
618 2549 701 2582 loco
727 2550 873 2581 inventa
897 2548 952 2581 ed.
978 2548 1117 2581 Mendel
1142 2548 1230 2581 ibid.
1255 2557 1289 2590 p.
1310 2551 1375 2581 325
1401 2557 1434 2580 n.
1454 2549 1508 2579 29.
1528 2548 1583 2579 3⁰.
1816 2580 1818 2582 ,

201 2611 237 2643 Ρ.
256 2611 322 2642 228
352 2618 386 2642 n.
404 2610 481 2641 554.
528 2606 641 2640 Multo
680 2606 922 2648 antiquiorem
959 2614 1070 2647 quam
1106 2606 1354 2639 Mommsenus
1389 2604 1484 2637 hanc
1524 2602 1787 2636 dedicationem
1816 2594 1818 2598 ’

294 2666 503 2699 existimant
531 2664 595 2697 Th.
620 2663 777 2696 Reinach
818 2671 976 2705 eumque
1009 2664 1157 2695 secutus
1193 2663 1227 2695 F.
1250 2661 1452 2702 Diirrbacb,
1484 2660 1548 2701 qui
1585 2668 1678 2692 anno
1719 2660 1784 2691 488

295 2733 328 2766 p.
346 2724 428 2757 Chr.
454 2722 585 2755 factam
609 2722 748 2764 putant,
773 2720 893 2761 Lyciis
910 2720 1155 2753 Romanorum
1179 2718 1354 2752 beneficio
1371 2716 1594 2750 Rhodiorum
1618 2715 1785 2749 domina-
1814 2750 1816 2754 ,

295 2783 392 2814 tione
423 2779 596 2813 liberatis.
637 2777 686 2811 Cf.
711 2776 836 2819 Polyb.
852 2776 963 2818 XXX,
982 2779 1013 2819 5,
1031 2779 1092 2809 42;
1126 2774 1215 2809 κατὰ
1239 2774 1278 2808 δὲ
1300 2774 1358 2807 τὸν
1391 2771 1493 2806 αὑτὸν
1516 2771 1634 2816 καιρὸν
1658 2769 1682 2815 ἡ
1708 2769 1785 2817 σύγ-
1814 2797 1818 2805 ,

294 2837 422 2883 κλητος
452 2834 590 2881 ἐξέβαλε
615 2833 726 2879 δόγμα
749 2832 833 2866 διότι
857 2832 909 2865 δεῖ
927 2829 1045 2876 Κᾶρας
1069 2831 1127 2866 καὶ
1149 2829 1297 2868 Λυκίους
1323 2827 1526 2873 ἐλευθέρους
1550 2825 1634 2861 εἶναι
1658 2826 1786 2863 πάντας

295 2893 394 2931 3:00:
427 2891 629 2938 προσένειμε
655 2885 797 2927 Ῥοδίοις
822 2889 907 2934 μετὰ
937 2889 994 2922 τὸν
1018 2886 1222 2935 Ἀντιοχικὸν
1247 2884 1408 2931 πόλεμον.
1456 2886 1530 2918 Liv.
1553 2884 1657 2927 XLV,
1682 2886 1737 2926 25,
1762 2885 1781 2915 6
1814 2879 1816 2882 ’
