1858 3126
208 147 293 189 684

256 284 333 327 152,
352 289 383 317 2.
411 284 486 327 153,
505 290 536 318 2.
563 284 640 327 155,
661 291 690 317 5.
711 284 786 327 157,
798 290 828 318 2.
850 284 966 327 158‚2.

257 341 332 384 159,
348 346 378 374 2.
407 341 482 384 160,
498 346 527 374 2.
556 341 632 384 161,
649 347 678 375 2.
707 341 829 386 162,2.
855 342 964 384 554,5

206 396 394 443 ναύκληροι
424 398 501 442 135,
521 405 550 432 1.
576 398 655 442 247,
675 406 704 432 5.
735 399 814 442 344,
833 406 863 432 4.
888 399 967 443 521,

258 463 309 490 18.
329 461 381 489 26.
408 455 486 498 591,
507 462 537 489 3.
562 455 772 499 595,16.3ο

206 511 347 547 ναῦλον·
387 511 622 557 λαμβάνοντος
663 512 804 555 (διδότω)
841 513 966 551 παντὸς

255 570 336 612 (τοῦ)
360 568 487 604 ναύλου
512 569 550 603 τὸ
576 565 604 604 δ’
631 569 708 613 572,
729 577 781 605 38.
801 577 841 604 45

204 626 358 661 ναυλόω·
385 626 442 662 ἐὰν
461 626 498 661 δέ
513 638 563 665 τις
585 624 790 661 αὐτόστολον
805 626 964 674 ναυλώσῃ

255 685 331 728 572,
352 690 393 718 42

206 741 380 789 ναυμαχία
406 741 482 785 283,
503 749 520 775 5

205 798 379 844 ναυπηγός
405 799 482 842 674,
504 805 542 832 14

204 858 286 893 ναῦς
322 854 475 900 δίκροτος
516 856 594 898 447,
625 861 657 889 4.
709 857 791 901 νῆες
826 854 882 898 90,
910 860 963 889 2ο.

253 912 332 955 266,
352 919 391 946 38

204 966 439 1013 ναύσταθμος·
463 965 630 1014 Ἀθηναίῳ
653 968 704 1015 τῷ
729 968 785 1003 ἐπὶ
808 970 869 1002 τοῦ
884 980 964 1002 ναυ-

253 1024 407 1071 στάθμου
432 1027 511 1070 221,
531 1033 572 1060 54

203 1081 341 1117 ναυτεία
365 1083 419 1126 90,
440 1090 479 1116 1¹1

203 1138 329 1185 ναύτης
353 1139 431 1183 674,
453 1146 490 1174 13

205 1197 362 1235 ναυτικὸς
387 1195 508 1235 στόλος
534 1198 589 1240 54,
610 1204 639 1231 9.
679 1196 835 1231 ναυτικὸν
867 1196 964 1244 στρά-

250 1266 360 1298 τευμα
386 1254 462 1297 199,
481 1259 535 1288 26.
582 1253 740 1288 ναυτικόν
773 1252 897 1288 subst.:
931 1253 963 1288 οἱ

251 1309 536 1356 στρατευσάμενοι
561 1309 651 1345 κατὰ
679 1309 830 1356 πόλεμον
845 1310 890 1345 ’ἐν
914 1310 965 1357 τῷ

250 1368 402 1414 ναυτικῷ
425 1369 503 1411 554,
522 1375 538 1402 3

201 1425 369 1460 νεανίσκοι
392 1425 471 1468 443,
491 1433 508 1459 9

203 1485 316 1520 νεῖκος
342 1483 419 1525 335,
440 1489 492 1516 78.
515 1489 576 1516 119

201 1543 416 1586 νεκριμαῖος·
453 1544 520 1573 τῶν
554 1539 592 1573 δὲ
621 1539 677 1574 διὰ
705 1540 743 1574 τὸ
779 1542 963 1585 νεκριμαῖα

249 1596 335 1631 εἶναι
351 1596 602 1642 ῥειπτουμὲνων
618 1596 656 1630 τὸ
674 1595 773 1635 τέλος
790 1595 853 1631 οὐκ
869 1596 962 1643 ὀφεί·

248 1654 344 1688 λεται
368 1654 447 1698 629,
467 1661 529 1688 158

201 1711 353 1756 νέμεσις·
377 1710 516 1758 χαλεπὴ
541 1709 675 1756 νέμεσις
692 1710 874 1756 βασιλικῶν
892 1710 962 1745 δαι-

250 1768 364 1813 μόνων
388 1767 536 1815 τιμωρός
561 1767 638 1812 383,
661 1775 722 1802 115

201 1825 311 1870 νέμω·
345 1829 418 1863 τοῖς
441 1825 504 1871 τὴν
530 1823 669 1859 σύνοδον
693 1825 833 1870 νέμουσι
857 1827 911 1868 50,
932 1832 960 1859 3.

247 1882 306 1916 καὶ
328 1883 390 1929 τὴν
407 1883 524 1930 χώραν
548 1881 633 1927 μετὰ
648 1882 758 1920 πάσας
774 1881 962 1928 ἀσφαλείας

246 1940 416 1985 νεμωνται
440 1941 568 1983 45,16.
617 1939 720 1985 τήνδε
749 1939 814 1986 τὴγ
845 1941 961 1987 χώραν

921 146 1072 181 Indices.

1085 283 1330 330 μητροπόλεως
1364 275 1396 330 β’
1427 283 1600 331 νεωκόρου
1635 280 1793 328 Ἀνκύρας

1084 342 1162 385 549,
1183 349 1213 376 6.
1252 342 1303 388 τῷ
1325 340 1485 387 νεωκόρῳ
1508 339 1673 388 Ἐφεσίων
1690 340 1790 387 δήμῳ

1081 399 1161 442 481,
1182 406 1212 433 3.
1264 398 1313 436 δὶς
1348 397 1529 445 νεωκόρων
1562 396 1623 432 καὶ
1657 397 1792 443 φιλοσε-

1084 455 1216 500 βάστων
1248 452 1414 502 Ἐφεσίων
1443 455 1523 500 493,
1544 461 1574 490 2.
1631 454 1683 494 δὶς
1708 467 1792 490 νεω-

1081 513 1184 558 κόρος
1222 518 1291 547 τῶν
1327 510 1509 558 Σεβαστῶν
1545 530 1592 538 —-
1621 508 1792 559 Ἐφεσίων

1081 569 1181 608 πόλις
1204 570 1282 614 496,
1301 578 1332 604 7.
1357 571 1436 614 510,
1454 578 1485 604 4.
1523 569 1594 615 τρὶς
1621 569 1793 614 νεωκόρος

1081 633 1148 661 τῶν
1167 626 1346 673 Σεβαστῶν
1368 646 1416 653 -
1439 625 1673 674 Περγαμηνῶν
1692 625 1793 665 πόλις

1082 685 1159 728 513,
1185 692 1215 719 3.
1266 685 1337 731 τρὶς
1371 683 1541 730 νεωκόρος
1577 688 1645 719 τῶν
1682 681 1792 728 Σεβα-

1081 746 1167 775 στῶν
1203 760 1250 766 -
1285 739 1485 788 Σμυρναίων
1520 739 1620 780 πόλις
1656 741 1734 785 514,
1762 749 1791 775 1.

1082 794 1111 844 β’
1135 799 1304 844 νεωκόρος
1330 797 1483 844 (Ταρσός)
1514 799 1591 841 578,
1611 805 1650 833 11

1033 856 1223 891 νεωποιὲω·
1247 859 1491 894 νεωποιοῦντος
1516 854 1562 898 (ἐν
1579 851 1792 901 Ἁλικαρνασ-

1081 914 1151 955 σῶι)
1181 914 1233 957 16,
1253 920 1283 947 6.
1321 911 1569 958 νεοποιήσαντα
1592 913 1670 955 485,
1688 919 1707 946 8
1852 953 1858 961 s

1033 969 1204 1015 νεωποίης
1228 968 1404 1016 Πριηνέων
1434 969 1513 1014 215,
1533 974 1586 1004 81.
1607 976 1660 1003 35.
1707 980 1791 1003 νεω-
1854 986 1858 992 -=

1079 1030 1177 1062 ποῖαι
1196 1023 1366 1073 Ἐφεσίων
1391 1027 1424 1070 9,
1443 1033 1474 1060 5.
1501 1026 1554 1070 10,
1572 1033 1613 1060 65
1634 1034 1639 1041 ·
1847 1017 1858 1022 ”

1033 1083 1179 1130 νηνεμία
1205 1084 1281 1127 194,
1303 1090 1342 1117 15

1031 1141 1135 1188 νηρόν
1161 1142 1277 1185 (aqua)
1302 1141 1438 1184 201‚721

1033 1196 1218 1244 νησίαρχος
1242 1198 1320 1242 773,
1339 1203 1357 1231 2

1030 1259 1197 1301 νησιῶται
1221 1255 1276 1297 25,
1296 1262 1325 1289 3.
1350 1256 1406 1299 40,
1426 1262 1562 1290 1.·1.1ο.
1586 1255 1792 1298 67,4.6.10.
1847 1295 1850 1298 Α

1079 1310 1233 1360 σύνεδροι
1254 1317 1321 1347 τῶν
1345 1317 1521 1358 νησιωτῶν
1547 1312 1602 1355 40,
1622 1318 1637 1345 1

1030 1374 1132 1416 νῆσος
1151 1368 1297 1414 passim

1031 1426 1197 1461 νικάδιον·
1223 1426 1282 1461 σὺν
1306 1425 1487 1464 νεικαδίοις
1505 1425 1564 1460 καὶ
1585 1424 1789 1473 λεονταρίοις
1849 1413 1858 1433 '³

1078 1484 1156 1528 426,
1178 1492 1195 1518 5

1030 1540 1137 1575 νικάω
1156 1539 1312 1586 passim.

1077 1598 1230 1645 κηφόρια
1254 1599 1332 1642 764,
1352 1604 1391 1632 13

1029 1654 1107 1700 νίκη
1127 1654 1283 1700 passim.
1325 1653 1410 1700 ὑπὲρ
1434 1652 1603 1700 σωτηρίας
1618 1653 1677 1688 καὶ
1691 1652 1789 1699 νίκης

1078 1713 1156 1756 614,
1176 1718 1206 1746 2.
1256 1710 1341 1759 ὑπὲρ
1371 1710 1540 1759 σωτηρίας
1567 1711 1626 1745 καὶ
1647 1710 1787 1746 αἰωνίου

1075 1769 1173 1816 νίκης
1213 1767 1461 1815 αὐτοκράτορος
1501 1765 1674 1815 Καίσαρος
1712 1766 1787 1802 κτλ.

1077 1827 1155 1870 678,
1177 1833 1191 1859 1

1030 1883 1160 1929 νίκημα
1183 1884 1262 1924 201,
1281 1890 1299 1917 4

1351 1543 1425 1579 τοῖς
1448 1539 1643 1585 νενικηκόσι
1666 1539 1709 1574 τὰ
1726 1537 1788 1574 Νι-

994 1931 998 1989 Ι
1027 1939 1220 1986 νικητικός·
1245 1938 1350 1973 ὅπλον
1374 1937 1546 1984 νικητικόν
1571 1939 1626 1982 90,
1647 1945 1687 1972 39

249 1995 336 2041 υμᾶς
369 1996 410 2031 ἐκ
443 1995 613 2031 τοσούτων
651 1996 737 2030 ἐτῶν
775 1996 866 2043 ἔχειν
901 1995 961 2030 καὶ
1028 1996 1234 2043 νικηφόρος·
1265 1995 1387 2040 δέομαι
1418 1997 1479 2029 σοῦ
1507 1997 1568 2029 τοῦ
1596 1994 1787 2041 νικηφόρου

247 2053 411 2099 νέμεσθαι
438 2054 491 2097 13,
510 2062 540 2088 4.
562 2062 578 2087 5

200 2109 384 2147 νεόκαυτος
392 2109 529 2155 ’ἱεροῖς
553 2109 748 2149 νεοκαύτοις
774 2111 851 2154 229,
870 2118 911 2145 48

200 2166 292 2205 νέος·
317 2166 392 2200 νεόν
417 2166 492 2204 ἔτος
517 2168 571 2210 56,
587 2174 640 2201 36.
659 2174 713 2201 45.
753 2167 813 2201 νὲα
828 2179 959 2213 νουμη-

245 2222 301 2258 νία
333 2223 412 2267 458,
431 2230 485 2257 21.
504 2232 559 2258 50.
578 2231 630 2258 79.
679 2223 755 2262 νέος
786 2222 958 2268 Διόνυσος,

246 2279 322 2319 νέος
337 2274 479 2324 (Ἤλιος,
510 2279 571 2314 νέα
594 2278 792 2328 Νικηφόρος
817 2282 861 2316 cf.
886 2282 959 2315 ind.

202 2367 205 2371 ,
246 2339 303 2371 111.
320 2338 378 2371 Vl.
397 2338 468 2371 vn.
502 2357 548 2362 —
579 2337 612 2372 οἰ
634 2337 704 2372 νέοι
734 2338 812 2381 339,
832 2345 886 2372 31.
906 2345 958 2372 63.

249 2401 302 2428 71.
331 2401 382 2428 76.
411 2401 463 2428 79.
491 2402 545 2428 95.
580 2394 655 2437 764,
681 2401 734 2428 24.
761 2401 813 2429 28.
834 2402 884 2429 35.
903 2401 958 2428 40.

245 2449 268 2495 ἡ
294 2450 441 2494 σεβαστὴ
461 2449 599 2488 σύνοδος
616 2456 683 2484 τῶν
700 2451 786 2485 νέων
810 2451 888 2494 486,
905 2458 957 2485 17.

245 2507 293 2545 εἰς
318 2506 432 2541 ἔλαιον
464 2507 523 2541 καὶ
547 2507 743 2553 συναγωγὴν
774 2511 841 2541 τῶν
871 2506 957 2541 νέων

201 2592 204 2594 .
246 2565 396 2607 748,16.
442 2564 477 2598 ἐν
502 2565 552 2610 τῷ
574 2568 642 2597 τῶν
671 2563 756 2598 νέων
784 2563 956 2610 γυμνασίῳ
990 2581 993 2590 ‹

246 2622 325 2664 764,
355 2628 406 2655 18.
446 2639 493 2646 -
530 2619 607 2658 νέος
645 2619 672 2655 i.
708 2631 739 2664 q.
779 2621 957 2666 νεώτεροις

245 2678 324 2721 487,
346 2687 362 2712 5

198 2736 367 2781 νευρικός·
391 2732 691 2782 παρενοχληθέντα
714 2733 779 2769 ὑπὸ
799 2737 956 2780 νευρικῆς

245 2791 426 2831 διαθέσεως
452 2793 530 2836 331,
551 2800 588 2827 11

196 2849 380 2895 νεωκόρος·
420 2848 648 2895 πρεσβύτατον
687 2848 857 2895 νεωκόρον
897 2850 956 2883 τοῦ

246 2906 394 2953 μεγάλου
427 2904 620 2952 Σαράπιδος
655 2906 732 2950 714,
759 2914 787 2941 3.
818 2924 863 2932 —-
892 2908 955 2951 τῆς

1075 2052 1159 2088 θεοῦ
1193 2052 1347 2096 736,1ο.
1396 2047 1536 2096 δεόμεθ
1573 2050 1668 2097 ὑμῶν
1698 2049 1786 2087 θεῶν

1074 2108 1268 2155 νικηφόρων
1286 2108 1362 2152 168,
1381 2115 1436 2142 48.
1478 2107 1645 2154 βασιλέως
1660 2106 1787 2143 Πτολε-

1076 2165 1178 2212 μαίου
1225 2164 1307 2200 θεου
1356 2163 1505 2212 μεγάλου
1553 2163 1787 2211 Φιλοπάτορος

1075 2226 1226 2269 σωτῆρος
1248 2221 1308 2257 καὶ
1329 2221 1520 2270 νικηφόρου
1546 2222 1602 2267 89,
1621 2229 1638 2256 3
1831 2228 1843 2247 ⁴

1028 2279 1159 2326 νιφετοί
1185 2280 1260 2323 199,
1281 2287 1316 2313 7.

1027 2336 1175 2382 νομάδες
1199 2337 1278 2381 421,
1299 2344 1329 2370 4.
1355 2337 1433 2380 616,
1451 2344 1468 2371 3
1840 2367 1849 2385 ,Ι

1027 2393 1118 2439 νομή
1147 2394 1175 2428 1.
1198 2404 1395 2438 pascuum:
1427 2397 1496 2427 τῶν
1521 2393 1561 2428 δὲ
1589 2393 1650 2428 ἐπὶ·
1674 2394 1784 2439 νομὴν
1825 2386 1850 2438 §3

1075 2450 1315 2495 μεταγομένων
1383 2449 1507 2491 ἔξωθεν
1577 2448 1784 2496 θρεμμάτων
1832 2474 1840 2479 -

1074 2507 1153 2551 629,
1174 2514 1247 2542 174.
1289 2507 1322 2541 2.
1337 2506 1488 2542 divisio:
1512 2506 1783 2542 καταλελοιπότα
1818 2502 1821 2503 ⁷

1072 2563 1131 2599 καὶ
1153 2564 1261 2609 νομὰς
1283 2566 1357 2602 τοῖς
1381 2563 1535 2601 πολίταις
1559 2564 1638 2607 566,
1657 2569 1697 2597 29

1026 2620 1173 2665 νομίζω·
1197 2620 1240 2655 τὰ
1263 2620 1467 2666 νομιζόμενα
1492 2620 1569 2663 764,
1590 2627 1629 2654 10

1026 2677 1191 2723 νόμιμος·

1073 2793 1151 2835 515,
1178 2799 1207 2825 6.
1252 2791 1296 2826 τὰ
1324 2789 1541 2836 προσήκοντα
1575 2789 1705 2835 νόμιμα
1738 2789 1780 2838 τῇ
1831 2799 1842 2845 3⁴

1071 2847 1266 2893 παραλήψει
1310 2850 1374 2892 τῆς
1422 2845 1592 2891 βασιλείας
1638 2847 1693 2890 90,
1727 2853 1780 2881 28.

1073 2903 1251 2949 ὑποθήκας
1298 2923 1345 2929 -
1399 2902 1552 2949 νομίμως
1607 2901 1780 2950 γεγονυίας

1214 2723 1216 2725 ,
1247 2676 1374 2724 βουλῆς
1419 2675 1566 2722 νομίμου
1613 2675 1783 2723 ἀγομένης
1810 2678 1843 2714 ³.

1072 2735 1151 2778 629,
1183 2741 1213 2769 6.
1264 2734 1300 2768 ἐν
1333 2737 1408 2771 ταῖς
1443 2732 1600 2778 νομίμοις
1636 2732 1783 2779 ἡμέραις
1818 2739 1846 2742 ’
