1858 3126
42 177 122 220 395]
549 175 746 217 Tyriorum
769 175 878 208 statio
902 175 1108 208 Puteolona.
1534 177 1614 217 291

155 311 226 355 οὖν
261 309 333 354 mi
366 310 547 366 δεόμεθα
577 309 687 365 ὑμῶν
715 313 787 365 τῆς
816 309 943 366 τύχης
955 311 990 338 ¹⁴
1018 311 1386 367 φροντίσασ(θαι)15
1413 316 1484 355 τοῦ
1514 313 1619 370 πρά-

152 395 313 437 γματος.
378 377 537 436 ἐγράφη
582 380 624 420 ἐν
671 377 894 432 ΠοτιΙόλοις
937 377 1014 435 πρὸ
1060 375 1086 420 ι’
1127 381 1339 422 καλανδῶν
1375 380 1617 437 Αὐγούστων

153 446 299 506 Γάλλιρ
326 446 398 490 καὶ
427 446 608 504 Φλάκκῳ
637 445 907 503 Κορνηλιανῷ
937 444 1105 489 ὑπάτοιν
1116 449 1161 489 ¹⁶.
1194 448 1206 503 Η

37 519 129 560 1120
148 514 244 560 Ἀπὸ
282 515 414 559 ἄκων
457 517 606 574 βουλῆς
644 515 842 572 ἀχθείσης
875 511 942 557 ια’
973 514 1116 557 ΔίουῙΊ
1149 519 1219 558 τοῦ
1248 516 1362 565 ἔτους
1390 517 1423 559 τ’
1440 520 1486 574 ¹⁸,
1516 520 1619 577 ἐφη-

146 585 395 645 μερ(οὖ’)ντος
444 583 646 641 P(‹1ioo)¹⁹
687 582 913 640 Οὐαλερίου
959 583 965 639 1
1014 581 1336 640 Καλλικράτους,
1383 585 1617 630 Παυσανίου

151 654 372 710 προέδρου·
405 653 411 709 Ι
443 653 680 709 ἀνεγνώσθη
720 652 909 710 ἐπιστολὴ
939 650 1095 709 Τυρίων
1134 654 1488 711 στατιωναρίωνῖθ,
1521 657 1620 699 ἀνα-

35 770 153 804 allatis
176 770 336 803 nummis
358 778 445 802 cum
468 767 768 811 inscriptionibus
790 765 974 812 Τιβεριέων
996 763 1325 810 Κλαυδιο(πολιτῶν)
1349 772 1386 802 et
1409 768 1615 816 Τιβξεριέων)

36 823 363 868 ΚΜωδωπολκῶν)
388 822 532 870 Συρ(ίας)
558 821 826 868 Παλ(αιστείνης)
855 824 1151 867 supplementum
1183 825 1278 858 tituli
1307 826 1496 869 insigniter
1525 837 1617 862 con-

33 883 203 917 firmavit.
249 882 300 916 Ci.
323 883 434 915 etiam
457 882 604 915 titulum
623 881 755 914 Ismeni
771 881 991 915 'tiberiensis
1010 885 1337 916 commemoratum
1359 892 1471 926 supra
1495 887 1569 918 not.
1585 888 1614 919 4.

32 941 135 974 Alius
157 940 327 983 civitatis,
350 940 456 973 cuius
479 947 526 972 ex
549 939 695 972 nomine
719 938 808 972 nihil
828 939 899 972 nisi
921 942 1041 971 -ιανῶν
1066 942 1219 972 aetatem
1237 940 1331 982 tulit,
1355 942 1464 974 statio
1479 942 1616 976 Romae

33 999 91 1031 est
112 998 224 1031 Inser.
240 996 299 1030 Gr.
315 997 384 1030 Sic.
408 998 446 1029 et
467 997 510 1029 lt.
528 998 629 1038 4064,
647 998 666 1029 4
699 996 820 1037 (inser.
844 996 903 1028 Gr.
926 995 973 1029 ad
996 1004 1055 1029 res
1078 996 1180 1029 Rom.
1198 1000 1289 1039 pert.
1312 999 1326 1030 1
1351 1007 1386 1040 p.
1404 1001 1448 1032 56
1471 1009 1506 1032 n.
1525 1001 1615 1041 434).

37 1056 77 1087 44
108 1054 316 1088 Putaverim
339 1054 438 1087 huuc
460 1053 668 1096 genetivum
692 1062 714 1086 a
737 1050 980 1099 ‹ppmrtioaeiim
997 1053 1080 1094 (not.
1099 1055 1153 1095 45)
1179 1054 1335 1096 pendere
1359 1057 1469 1098 atque
1492 1057 1614 1099 ipsum

33 1119 162 1145 rursus
185 1119 310 1154 regere
332 1110 487 1144 alterum
511 1110 720 1152 genetivum
751 1112 813 1143 τοῦ
837 1108 1045 1155 πράγματος.
1166 1114 1204 1143 45
1236 1111 1446 1145 Admodum
1475 1113 1616 1148 lubrica

32 1169 90 1202 est
115 1168 296 1211 quaestio,
325 1167 414 1210 quid
442 1167 502 1200 hie
531 1166 603 1200 sibi
634 1167 791 1200 voluerit
818 1166 1085 1209 quadrantius,
1116 1175 1199 1199 cum
1226 1169 1537 1203 ΦΡΟΝΤΙΕΑΟΤΕ
1562 1172 1616 1204 in-

32 1225 179 1259 cideret.
224 1225 395 1258 Franzius
419 1226 455 1257 et
477 1224 662 1257 Kaibelius
686 1222 882 1267 φροντίσαῂ)
905 1234 942 1256 τε
966 1223 1267 1266 emendaverunt;
1300 1225 1401 1267 quod
1424 1228 1466 1258 ut
1490 1227 1614 1260 soller-

32 1285 89 1315 ter
110 1282 355 1324 exeogitatum
379 1283 446 1324 est,
474 1282 527 1314 sic
556 1281 647 1314 mihi
671 1280 839 1323 displicet
862 1281 947 1322 quia
978 1281 1028 1314 ita
1056 1289 1130 1314 non
1154 1282 1275 1324 possis
1298 1291 1370 1315 non
1394 1284 1615 1326 coniungere

30 1341 96 1383 τῆς
123 1336 232 1384 τύχης
258 1349 304 1371 τε
335 1340 396 1371 τοῦ
427 1337 625 1383 πράγματος
654 1339 697 1370 ut
725 1338 774 1370 sit
801 1337 898 1370 idem
932 1346 975 1370 ac
1002 1339 1067 1382 τῆς
1094 1335 1204 1384 τύχης
1235 1337 1295 1371 καὶ
1318 1341 1379 1372 τοῦ
1403 1339 1612 1385 πράγματος.

33 1396 149 1435 Quem
178 1403 289 1429 usum
318 1395 518 1438 particulae
546 1405 583 1427 τε
615 1403 661 1428 ne
689 1395 776 1427 huic
804 1394 952 1437 quidem
973 1395 1093 1444 gemti
1122 1397 1163 1427 ut
1188 1394 1384 1429 obtrudam
1409 1406 1430 1430 a
1460 1407 1520 1430 me
1545 1399 1614 1431 im·

32 1455 177 1496 petrare
192 1461 356 1496 possum.
396 1451 503 1491 Quod
518 1453 598 1494 ipse
613 1452 744 1494 scripsi
761 1449 1022 1498 φροντίσασωαι)
1043 1452 1079 1484 in
1095 1460 1140 1484 eo
1167 1454 1261 1486 CTe
1277 1462 1345 1495 pro
1360 1454 1471 1488 οΘΑΙ
1498 1457 1614 1498 scrip-

31 1512 112 1543 tum
143 1518 189 1543 ne
220 1509 445 1543 levissimam
476 1508 624 1551 quidem
655 1508 766 1541 habet
793 1508 1041 1541 offensionem.
1100 1508 1168 1541 Sed
1200 1510 1310 1542 etiam
1346 1510 1508 1544 medium
1545 1521 1612 1554 pro

30 1556 152 1601 activo
167 1567 386 1610 usurpatum
402 1567 496 1599 inter
511 1565 804 1608 frequentissima
820 1567 875 1598 est
890 1565 1073 1598 inferioris
1089 1567 1218 1599 aetatis
1233 1567 1333 1600 vitia.
1443 1571 1486 1601 46
1510 1569 1614 1603 Anno

34 1625 97 1657 474
122 1632 158 1666 p.
174 1623 256 1657 Chr.
398 1625 439 1655 47
469 1623 614 1655 Primus
638 1623 774 1656 mensis
798 1623 882 1656 anni
906 1623 1046 1665 antiqui
1070 1622 1277 1657 lunisolaris
1301 1624 1541 1658 Macedonum
1565 1626 1612 1659 ab

29 1681 261 1724 aequinoctio
296 1679 498 1714 autumnali
531 1680 749 1722 incipientis.
807 1680 912 1722 Apud
947 1680 1077 1722 Tyrios
1118 1682 1235 1713 aetate
1270 1681 1528 1726 Romanorum,
1571 1686 1613 1716 ut

29 1737 275 1780 hemerologia
297 1739 487 1780 testantur,
512 1746 533 1770 a
557 1737 616 1770 die
641 1740 682 1770 48
707 1747 754 1770 m.
777 1736 998 1770 Novembris
1022 1737 1068 1770 ad
1092 1737 1127 1770 d.
1153 1740 1193 1769 47
1220 1747 1268 1771 m.
1293 1738 1505 1773 Decembris
1529 1749 1612 1783 per-

0 1790 177 1828 ?·tinebat.
224 1795 350 1837 Itaque
379 1794 470 1827 haee
500 1795 539 1827 in
570 1796 698 1827 senatu
727 1794 921 1837 Tyriorum
950 1796 1032 1827 acta
1060 1796 1146 1827 sunt
1177 1794 1236 1827 die
1269 1797 1287 1826 8
1314 1805 1361 1828 m.
1387 1796 1608 1831 Decembris.

28 1851 122 1885 Cum
145 1851 300 1894 epistula
322 1852 338 1883 1
362 1851 519 1884 Puteolis
543 1851 626 1884 data
649 1852 698 1884 sit
720 1851 779 1885 die
802 1854 846 1883 23
872 1861 920 1884 m.
943 1852 1024 1884 Iulii
1048 1851 1092 1892 (V.
1111 1851 1177 1893 49),
1202 1854 1354 1894 apparet
1375 1855 1440 1884 437
1466 1854 1608 1887 dierum

0 1895 1 1901 ¹
28 1909 189 1951 spatium
211 1908 442 1942 interiectum
464 1907 587 1941 fuisse.
705 1911 747 1940 48
776 1909 889 1941 Aerae
912 1908 1108 1950 Tyriorum
1140 1917 1274 1940 annum
1298 1909 1610 1952 quadringentesi-

0 2005 3 2014 .
29 1963 133 2000 mum
156 1965 311 1998 alterum
335 1973 416 1998 esse
439 1965 640 1998 secundum
665 1965 773 1998 Probi
797 1965 1042 2007 imperatoris,
1066 1965 1090 1997 i.
1105 1973 1135 1997 e.
1161 1967 1227 1997 277
1245 1974 1279 2007 p.
1298 1965 1379 1998 Chr.
1397 1975 1430 1998 n.
1455 1969 1611 2001 testatur

0 2019 11 2071 ξν
29 2021 176 2055 Busehii
198 2022 325 2056 chron.
350 2022 397 2055 ab
419 2022 631 2064 Hieronymi
654 2031 749 2055 vers.
767 2023 797 2054 ΙΙ
821 2031 855 2064 p.
876 2024 941 2055 485
955 2031 982 2054 n
1005 2022 1175 2054 Schoene.
1217 2023 1364 2055 Initium
1387 2024 1498 2065 igitur
1520 2025 1611 2058 haec

0 2073 4 2104 f
27 2078 243 2112 numerandi
272 2080 364 2112 ratio
394 2079 492 2122 eapit
521 2079 568 2112 ab
599 2088 693 2120 anno
726 2077 829 2121 48615
855 2088 886 2111 a.
903 2079 984 2111 Chr.
1002 2088 1036 2111 n.
1089 2078 1139 2111 Cf.
1169 2079 1285 2111 ldeler
1315 2079 1516 2114 Handbnch
1545 2082 1611 2115 der

0 2134 6 2192 f
29 2135 269 2177 Chronologie
290 2136 306 2168 1
330 2145 365 2178 p.
383 2138 443 2168 474
459 2144 551 2178 sqq„
582 2137 647 2178 qui
670 2136 935 2169 demonstravit
957 2135 1105 2168 Eusebii
1129 2137 1376 2169 testimonium
1402 2137 1609 2172 confirmari

0 2194 7 2238 ξ’
29 2191 172 2225 duabus
196 2194 403 2235 temporum
427 2193 696 2226 definitionibus
714 2202 808 2235 quae
825 2194 945 2225 essent
959 2193 998 2225 in
1014 2194 1104 2226 actis
1120 2193 1360 2226 conciliorum
1377 2194 1607 2228 Chalcedonii

7 2250 66 2281 r-et
101 2248 499 2290 Constantinopolitani.
557 2250 683 2292 Itaque
723 2250 1001 2282 trecentesimus
1035 2250 1231 2292 Tyriorum
1272 2259 1387 2283 annus
1423 2261 1443 2284 a
1483 2262 1608 2286 mense

0 2302 3 2337 Ρ
29 2305 186 2338 octobre
221 2307 284 2337 474
322 2314 357 2347 p.
390 2306 472 2338 Chr.
513 2306 559 2338 ad
599 2306 696 2338 idem
731 2307 892 2348 proximi
926 2307 1010 2340 anni
1044 2307 1173 2340 Iuliani
1207 2309 1355 2350 tempus
1390 2309 1606 2350 pertinebat.

28 2363 74 2394 49
105 2362 450 2396 ΘΦΗΜΘΡΘΝΤΟΟ
472 2363 574 2405 lapis,
598 2363 699 2405 quod
719 2365 845 2396 utrum
868 2361 1121 2410 ἐφημεροῦντος
1145 2373 1190 2396 an
1215 2362 1487 2410 ἐφημερεῦοντος
1510 2370 1607 2399 esset

0 2443 2 2451 .
29 2417 132 2452 dubii
154 2419 350 2452 haeserunt
372 2419 541 2452 editores.
588 2419 680 2453 Nam
709 2420 782 2453 hoe
804 2420 1036 2454 commendat
1064 2422 1243 2454 sermonis
1274 2430 1376 2464 usuS‚
1409 2422 1498 2455 illud
1521 2423 1607 2456 faci-

27 2474 111 2508 litas
146 2476 358 2509 mutationis
392 2478 429 2508 et
462 2477 652 2509 fluctuatio
686 2477 781 2509 inter
814 2480 1028 2522 προστατεῖν,
1063 2477 1252 2511 ἐπιστατεῖν
1289 2481 1326 2510 et
1357 2479 1606 2522 προστατεύειν,

0 2522 4 2557 1
27 2529 258 2569 ἑπιστατεΰειν
281 2533 362 2565 sim.
410 2533 461 2565 De
483 2535 640 2575 utroque
664 2533 832 2567 dubitare
855 2534 1000 2567 videtur
1022 2535 1217 2577 Kaibelius,
1247 2543 1333 2567 cum
1357 2535 1505 2568 adnotet
1528 2546 1606 2574 rem

0 2560 4 2671 ἰ
28 2587 148 2630 ipsam
170 2588 241 2622 sibi
264 2589 412 2631 quidem
429 2599 563 2622 novam
586 2598 676 2623 esse.
722 2591 790 2623 Sed
813 2592 844 2624 si
866 2592 1103 2633 reputaveris,
1128 2592 1238 2624 etiam
1253 2592 1403 2624 Athenis
1418 2601 1605 2625 summum

0 2674 4 2704 ι
29 2645 262 2678 comitiorum
286 2648 323 2678 et
346 2648 493 2679 senatus
508 2647 724 2689 praesidem,
748 2645 932 2692 ἐπιστάτην
954 2652 1023 2680 τῶν
1047 2647 1255 2692 πρυτάνεων,
1279 2656 1345 2689 per
1368 2657 1482 2680 unum
1508 2649 1603 2680 diem

0 2706 3 2757 ὲ
30 2700 68 2732 in
96 2701 214 2734 officio
245 2702 367 2745 fuisse,
397 2705 434 2735 et
463 2704 715 2745 magistratum
744 2705 927 2737 eiusmodi
958 2705 1085 2737 eodem
1118 2705 1197 2736 iure
1227 2702 1398 2748 ἐφήμερον
1431 2705 1603 2746 appellari

0 2760 4 2786 ἵ
30 2757 195 2798 potuisse
216 2767 290 2800 quo
314 2760 431 2792 simile
461 2761 648 2802 negotium
679 2762 716 2793 in
740 2761 836 2793 haud
866 2761 994 2802 paucis
1026 2760 1236 2792 civitatibus
1266 2760 1508 2801 appellatione
1533 2759 1605 2792 ἐπι-

1 2801 7 2842 ἷ
31 2811 153 2856 μήνιος
175 2815 426 2858 appellaretur,
450 2826 523 2850 non
548 2818 604 2850 est
626 2817 725 2859 quod
749 2818 821 2849 hoc
844 2817 990 2849 nomine
1009 2815 1214 2848 offendaris.
1331 2818 1372 2846 20
1404 2815 1454 2847 Cf.
1478 2817 1552 2848 not.
1571 2818 1601 2849 4.

2 2843 7 2918 ι
29 2869 130 2902 idem
147 2870 366 2904 vocabulum
390 2873 427 2905 in
443 2874 548 2906 titulo
565 2875 714 2916 Graeco,
739 2882 825 2906 sane
841 2873 885 2906 de
902 2873 1049 2904 militari
1068 2873 1222 2904 statione
1237 2873 1467 2913 usurpatum,
1491 2873 1603 2906 habes

4 2955 6 2969 ,
30 2933 140 2958 .nscr.
158 2925 216 2958 Gr.
234 2926 279 2958 ad
302 2936 360 2960 res
381 2929 485 2961 Rom.
504 2932 596 2971 pert.
612 2931 659 2962 111
683 2939 718 2972 p.
739 2933 802 2961 323
829 2939 862 2962 n.
881 2933 958 2970 842,
977 2933 1007 2961 5.

4 3003 6 3036 ἰ
1264 2983 1328 3016 ⁴9*
