1858 3126
127 91 207 132 146
360 90 449 123 VIII.
485 89 632 132 Imperii
657 89 807 122 Romani
831 90 1041 131 provinciae
1065 90 1268 122 orientales.
1319 92 1348 122 4.
1372 89 1467 123 Asia.
1577 89 1705 132 [50⁴—

238 229 376 284 ληνίοο
387 228 417 283 ²]
457 227 462 283 Ι
502 225 571 269 καὶ
608 226 864 283 ἀγωνοθέτης
899 229 977 269 τῶν
1018 225 1199 283 μεγάλων
1240 226 1554 283 Πανελληνίων3
1589 224 1704 274 Τίτος

238 296 431 354 [Φλάβιος
471 295 644 351 Κόλλος]
677 295 682 352 Ι
714 298 782 338 καὶ
820 297 858 338 οἱ
889 295 1146 352 Πανέλληνες
1176 295 1423 343 Αἰζανειτῶν
1460 299 1529 352 τῆι
1560 297 1705 352 βουλῆι

236 366 305 409 καὶ
349 372 406 423 τῷ
451 367 584 422 [δήμῳ
630 365 849 422 χαίρειν·4]
898 365 902 422 Ι
950 365 1018 408 καὶ
1065 365 1200 413 αὑτοῖς
1244 365 1460 422 ἡγούμενοι
1503 369 1703 421 προσῆκον

188 448 207 479 5
237 435 344 478 εἶναι
373 434 446 483 τὰς
476 434 574 491 πρὸς
603 433 694 482 τοὺς
727 433 905 491 ἀγαθοὺς
937 434 1084 490 ἄνδρας
1117 434 1444 491 ἀποδείκνυΙΙσθαι
1473 431 1615 490 τειμὰς
1646 435 1706 475 δι-

238 509 371 562 αρκῶς
402 503 471 547 καὶ
502 504 614 560 ὑμεῖν
647 504 893 561 συνήδεσθαι
921 508 992 560 τῆς
1022 506 1099 546 τῶν
1130 503 1319 546 τοιούτων
1349 505 1520 546 πολιτῶν
1550 502 1706 559 κτήΙσε-

238 591 292 622 ως
331 574 555 616 ἀκόλουθον
588 571 954 630 ὑπολαμβάνοντες,
994 572 1108 628 ο[ἷό]ς
1139 574 1243 615 ἐστιν
1277 572 1391 620 οὗτος
1421 570 1595 619 Οὔλπιος
1624 570 1706 614 Εὐ-

239 645 398 700 ρυκλῆς,
444 641 886 699 συνΙπεπολιτευμένος5
932 642 1049 698 ἡμεῖν
1093 640 1223 684 πάντα
1261 640 1327 684 τὸν
1365 645 1436 698 τῆς
1475 640 1705 698 συνεδρείας

236 714 380 769 χρόνον
412 711 579 769 μετρίως
609 709 678 753 καὶ
708 712 763 759 ὡς
787 710 791 768 Ι
814 711 905 758 τούς
935 727 977 753 τε
1007 707 1096 752 καθ’
1132 712 1296 753 ἕκαστον
1327 711 1542 767 ἡιρηκέναι
1571 709 1706 767 φιλίαι

237 781 306 824 καὶ
346 783 387 824 ἐν
423 783 496 823 τῶι
530 783 670 823 κοινῶι
699 780 764 823 ἐπὶ
794 779 976 822 παιδείαν,
1004 796 1047 822 τε
1077 777 1144 821 καὶ
1177 779 1182 835 Ι
1214 783 1281 836 τῆι
1311 778 1435 836 ἄλληι
1465 780 1606 836 ἀρετῆι
1634 778 1705 821 ’καὶ

167 862 209 894 10
240 850 452 894 ἐπιεικείαι
493 849 683 906 διάδηλον
723 849 863 892 ἑαυτὸν
899 849 1207 905 πεποιηκένΙαι,]
1241 848 1405 905 εὔλογον
1442 846 1705 905 ἡγηΙΙσάμεθα

239 923 495 976 μαρτυρῆσαι
525 920 650 961 αὖτῶι
679 916 767 975 παρ’
806 918 919 974 ὑμεῖν
949 917 1019 960 καὶ
1050 919 1251 975 εὐφρᾶναι
1281 918 1383 973 ὑμᾶς
1405 916 1701 973 ἐνδειξάμενοιΙ

235 991 284 1046 ἣν
315 988 412 1045 πρὸς
444 987 561 1030 αὐτὸν
592 987 748 1030 εὔνοιαν
779 987 925 1044 ἔχομεν
955 988 1054 1043 πρός
1083 1003 1126 1029 τε
1155 986 1199 1029 τὸ
1229 986 1359 1029 κοινὸν
1390 989 1460 1028 τοῦ
1491 985 1704 1041 Πανελλη-

239 1058 350 1100 νίου6
384 1056 454 1099 καὶ
499 1056 579 1112 ἰδίᾳ
611 1056 616 1113 Ι
648 1055 745 1113 πρὸς
775 1055 841 1098 τὸν
872 1056 1208 1111 θαυμασιώτατον
1238 1057 1353 1112 ἡμῶν
1385 1054 1562 1112 ἄρχοντα
1593 1053 1705 1096 Φλά-

214 1258 233 1288 2
267 1256 450 1296 Integrum
481 1262 682 1295 cognomen
714 1254 831 1285 exstat
861 1262 895 1285 n.
920 1255 997 1295 507,
1025 1255 1056 1295 4,
1093 1253 1192 1285 certa
1227 1253 1367 1285 ratione
1402 1252 1612 1285 restitutum
1648 1253 1706 1284 est

121 1314 157 1346 C.
175 1314 199 1345 Ι.
219 1313 288 1345 Att.
308 1313 364 1354 111,
385 1314 461 1354 684,
481 1313 498 1343 4
525 1309 638 1355 [ἱερέα]
657 1308 738 1344 θεοῦ
754 1305 947 1354 (Αὸ[ριανοῦ
965 1308 1219 1355 Πανελ]ληνίου.
1338 1312 1356 1341 3
1388 1309 1547 1342 Herodes
1563 1308 1705 1341 Atticus

120 1372 208 1404 item
234 1370 450 1412 agonotheta
473 1368 783 1401 Panhelleniorum
810 1368 886 1400 fuit.
935 1367 983 1400 Cf.
1009 1368 1248 1401 Philostratus
1271 1367 1341 1399 Vit.
1367 1368 1469 1409 soph.
1492 1367 1534 1408 II,
1553 1368 1584 1409 4,
1602 1369 1621 1398 5
1645 1365 1706 1399 καὶ

123 1427 191 1473 μὴν
224 1427 282 1460 καὶ
316 1425 571 1472 ἐλειτούργησεν
604 1422 791 1470 Ἀθηναίοις
822 1424 884 1470 τήν
909 1437 945 1458 τε
979 1425 1157 1470 ἐπώνυμον
1181 1424 1239 1458 ’καὶ
1261 1424 1323 1470 τὴν
1357 1429 1425 1457 τῶν
1450 1421 1704 1468 Πανελληνίων,

120 1482 350 1529 στεφανωθεὶς
384 1482 421 1516 δὲ
451 1481 508 1516 καὶ
540 1481 601 1526 τὴν
634 1486 702 1515 τῶν
728 1480 977 1526 Παναθηναίων
1002 1481 1075 1515 κτλ.
1121 1483 1173 1514 De
1205 1482 1295 1515 Rufo
1327 1482 1508 1515 Perinthia
1541 1481 1706 1524 sophista

119 1542 216 1575 idem
246 1543 401 1574 testatur
433 1541 670 1573 Philostratus
702 1541 742 1582 11,
770 1542 811 1572 47
850 1538 939 1583 μηδὲ
975 1538 1004 1572 εἰ
1039 1539 1102 1584 τὴν
1139 1543 1206 1571 τῶν
1244 1537 1484 1582 Πανελληνίων
1524 1534 1704 1582 Ἀθήνησιν

119 1598 268 1636 εὐκλεῶς
307 1597 419 1643 ἧρξεν.
484 1598 576 1637 Quin
617 1598 654 1630 hi
694 1606 843 1639 quoque
882 1599 924 1629 ut
965 1597 1108 1630 Flavius
1150 1597 1272 1639 Cyllus
1313 1598 1348 1629 et
1388 1595 1559 1629 Claudius
1599 1596 1704 1628 Iason

121 1660 165 1699 (n.
185 1660 262 1699 507,
282 1659 312 1689 2.
332 1657 362 1698 7)
388 1665 472 1688 cum
497 1655 671 1697 regimine
696 1655 866 1688 ludorum
892 1655 1145 1687 coniunxerint
1177 1654 1397 1697 praesidium
1424 1653 1555 1696 synodi
1587 1654 1624 1685 et
1647 1661 1704 1686 sa-

121 1715 326 1748 cerdotium
352 1714 433 1746 Divi
457 1713 638 1755 Hadriani,
670 1722 742 1746 non
770 1714 825 1745 est
849 1712 947 1754 quod
973 1712 1170 1744 dubitetur.
1290 1713 1307 1743 4
1341 1711 1432 1744 Cum
1450 1711 1627 1758 ‘Antonini
1651 1710 1704 1742 Pii

120 1773 275 1815 epistula
299 1781 332 1805 n.
352 1774 417 1804 506
435 1771 551 1813 pridie
569 1771 639 1803 Cal.
656 1770 873 1803 Decembres
891 1779 920 1802 a.
942 1772 1005 1801 457
1026 1779 1059 1811 p.
1079 1769 1159 1802 Chr.
1178 1779 1211 1802 n.
1238 1769 1320 1802 data
1337 1770 1394 1811 sit,
1420 1770 1703 1801 consentaneum

122 1832 177 1863 est
200 1831 270 1863 hoc
295 1830 482 1862 decretum
507 1830 668 1870 itemque
693 1837 726 1861 n.
746 1830 808 1860 505
836 1827 919 1860 anni
943 1828 1109 1869 proxime
1134 1827 1335 1869 superioris
1360 1835 1450 1859 esse.
1498 1825 1589 1859 Nam
1615 1825 1703 1867 quin

121 1888 291 1921 Claudius
323 1888 428 1919 Iason
458 1886 619 1919 Flavium
651 1886 794 1928 Cyllum
827 1885 863 1917 in
894 1885 1075 1927 praesidio
1107 1884 1301 1927 exceperit,
1333 1885 1400 1916 hae
1429 1884 1530 1926 ipsae
1562 1883 1704 1915 litterae

120 1945 279 1978 dubitari
319 1953 391 1977 non
432 1945 572 1986 sinunt;
615 1952 732 1985 neque
773 1943 892 1975 minus
933 1944 1073 1975 certum
1111 1942 1291 1984 existimo,
1333 1942 1403 1974 hoc
1444 1941 1604 1974 officium
1641 1949 1703 1973 an-

120 2011 234 2034 nuum
260 2002 381 2034 fuisse.
501 2004 519 2034 5
553 2001 693 2033 Latiore
718 2001 755 2033 vi
779 2001 848 2032 hoc
872 1999 1094 2032 vocabulum
1118 1999 1286 2032 inferiore
1318 2000 1433 2031 aetate
1458 1998 1502 2031 de
1526 2007 1570 2031 eo
1595 2006 1706 2038 usur-7

119 2061 238 2102 patur,
264 2059 327 2100 qui
352 2067 435 2091 cum
461 2058 530 2091 alio
556 2067 629 2090 non
654 2057 812 2090 civitatis
837 2057 995 2099 quidem,
1030 2057 1093 2089 sed
1123 2059 1186 2089 aut
1211 2056 1383 2090 domicilii
1414 2057 1477 2089 aut
1501 2055 1702 2088 sodalitatis

121 2119 183 2150 aut
205 2116 399 2149 cuiuslibet
432 2116 522 2148 alius
555 2115 819 2147 communionis
845 2115 990 2147 vinculo
1024 2115 1242 2146 continetur.
1292 2113 1341 2146 Cf.
1367 2123 1399 2146 n.
1419 2114 1497 2156 443,
1517 2116 1546 2145 6.
1573 2114 1651 2155 445,
1671 2114 1702 2145 4.

121 2177 197 2217 482,
218 2176 248 2206 3.
368 2177 386 2205 6
418 2173 459 2205 Ut
484 2173 615 2206 similia
639 2172 830 2214 permulta,
856 2172 969 2204 veluti
993 2168 1136 2213 Ἄκτιον,
1168 2168 1305 2214 Δήλιον,
1329 2166 1530 2215 Ὀλύμπιον,
1561 2167 1702 2211 Πύθιον,

118 2229 318 2273 Πανιώνιον,
344 2231 397 2263 sic
421 2227 653 2273 Πανελλήνιον
679 2230 829 2271 proprie
861 2228 1054 2262 delubrum
1080 2228 1266 2270 significat.
1315 2228 1456 2271 Quippe
1480 2228 1701 2261 Hadrianum

102 2288 265 2321 'Athenis
292 2287 688 2330 magnificentissimum
714 2288 809 2320 Iovis
828 2287 1044 2319 Panhellenii
1069 2287 1192 2319 fanum
1217 2286 1421 2319 condidisse
1445 2285 1554 2319 refert
1570 2286 1702 2318 Pausa-

119 2348 198 2379 nias
222 2347 247 2388 I,
266 2348 321 2388 48,
341 2349 359 2378 9
395 2341 566 2389 Ἁδριανὸς
600 2343 636 2377 δὲ
668 2343 938 2378 κατεσκευάσατο
972 2343 1033 2388 μὲν
1057 2343 1115 2377 καὶ
1147 2342 1235 2377 ἄλλα
1264 2339 1463 2388 Ἀθηναίοις,
1491 2341 1572 2375 ναὸν
1591 2336 1701 2387 ’Ἤρας

118 2403 176 2437 ’καὶ
201 2400 278 2440 Διὸς
304 2401 533 2448 Πανελληνίου
558 2402 615 2435 καὶ
640 2400 735 2439 θεοῖς
759 2404 832 2439 τοῖς
857 2404 955 2435 πᾶσιν
984 2401 1073 2447 ἱερὸν
1097 2400 1223 2434 κοινόν.
1271 2402 1316 2434 At
1341 2401 1453 2434 Cassii
1469 2400 1596 2432 Dionis
1617 2400 1700 2432 loco

124 2461 244 2503 LXIX,
263 2463 318 2502 46,
337 2463 355 2492 2
387 2459 444 2493 τόν
468 2471 504 2492 τε
535 2459 640 2504 σηκὸν
664 2459 720 2493 τὸν
746 2458 878 2502 ἑαυτοῦ,
909 2459 945 2493 τὸ
970 2457 1200 2502 Πανελλήνιον
1226 2457 1479 2502 ὠνομασμένον,
1513 2455 1701 2500 οἰκοδομή-

122 2517 244 2552 σασθαι
267 2521 340 2555 τοῖς
354 2511 523 2562 (Ἓλλησιν
549 2515 724 2563 ἐπέτρεψε,
753 2517 929 2559 templum
955 2526 1028 2550 non
1048 2517 1124 2549 Iovi
1150 2516 1194 2549 ab
1212 2515 1404 2557 Hadriano,
1429 2514 1492 2547 sed
1516 2513 1699 2547 Hadriano

121 2586 140 2610 a
165 2576 309 2609 Graecis
334 2575 520 2608 conditum
546 2575 645 2607 innui
665 2575 817 2607 videtur.
860 2575 925 2607 Cui
949 2574 1147 2607 narrationi
1170 2574 1238 2605 etsi
1263 2572 1506 2605 sacerdotium
1530 2571 1700 2603 HadrIani

120 2634 338 2668 Panhellenii
363 2633 448 2674 (not.
468 2633 499 2674 2)
532 2632 638 2665 fidem
666 2632 780 2665 facere
811 2633 966 2674 videtur,
999 2634 1120 2664 tamen
1158 2639 1250 2672 quae
1279 2629 1473 2662 Pausanias
1504 2629 1701 2661 memoriae

121 2691 281 2735 prodidit
309 2699 374 2733 per
399 2699 437 2723 se
461 2689 707 2732 probabiliora
732 2692 826 2732 sunt,
860 2692 896 2722 et
925 2689 1076 2722 fortasse
1109 2689 1197 2720 haec
1222 2689 1274 2720 sic
1297 2688 1391 2719 inter
1415 2695 1453 2719 se
1477 2685 1700 2719 concilianda

121 2751 215 2791 sunt,
248 2750 289 2781 ut
321 2749 517 2790 superstite
547 2747 695 2790 quidem
727 2748 889 2789 principe
921 2747 1017 2779 lovis
1050 2745 1159 2778 fuisse
1196 2746 1399 2777 statuamus
1434 2743 1627 2776 delubrum
1663 2744 1700 2775 et

120 2806 375 2848 sacerdotium,
411 2807 494 2848 post
519 2805 658 2838 obitum
684 2814 772 2837 vero
800 2805 844 2838 ad
868 2805 1001 2837 Divum
1028 2803 1246 2835 Hadrianum
1280 2802 1432 2834 alterum
1463 2802 1585 2834 Iovem
1611 2801 1700 2833 Pan-

119 2864 313 2896 hellenium
351 2863 404 2901 (cf.
438 2873 471 2896 n.
502 2863 593 2895 4571
629 2865 664 2895 et
706 2862 886 2904 permulta
924 2860 1086 2894 eiusdem
1124 2859 1263 2901 generis
1305 2858 1479 2900 exempla)
1517 2858 1699 2891 translata.
