1858 3126
254 131 279 170 4
485 129 573 161 VIII.
610 129 756 171 Imperii
780 128 933 161 Romani
958 128 1167 170 provinciae
1192 126 1393 159 orientales.
1443 129 1474 159 4.
1500 127 1593 159 Asia.
1708 126 1835 170 [436—

368 267 459 324 περὶ
489 267 630 309 τούτου
660 265 891 323 πράγματος
922 263 1074 322 οὕΙ[τως
1104 265 1257 312 ἔδοξεν·
1287 267 1366 308 ὅσα
1399 264 1585 322 βασιλεὺς
1614 263 1834 322 Μιθραδά-

365 337 476 392 τη]ς3
515 336 687 393 ἔγραψεν
724 338 751 392 ἢ
789 335 939 378 ἔδωκέν
980 351 1078 378 τισιν
1115 338 1142 391 ἢ
1182 333 1413 392 ἀφεῖ1[κεν4,
1453 333 1520 378 ἵνα
1553 337 1680 377 ταῦτα
1715 334 1835 391 κύριοι

298 416 339 450 10
368 405 482 461 μείνῃ
515 405 618 447 οὕτω
649 405 802 460 καθὼς]
834 406 1067 461 ἐδωρήσατο
1099 405 1156 452 εἰς
1194 402 1371 460 ἐσχάτην
1407 404 1575 461 ἡμέραν,
1606 402 1618 460 ΙΙ
1647 401 1750 461 [περὶ
1791 402 1834 445 δὲ

366 479 443 517 τῶν
481 476 630 516 λοιπῶν
666 473 734 516 ἵνα
772 475 959 531 κρίνωσιν
1000 475 1037 515 οί
1075 474 1187 527 δέκα]
1223 473 1462 530 πρεσβευταὶ
1499 474 1556 521 εἰς
1581 471 1715 516 Ἀσίαν
1748 474 1835 515 δια-

368 542 518 600 βάντες.

252 676 402 724 Φρυγίας
427 676 530 711 αὐτὸν
554 675 810 723 ἀφαιρούμενοι.
847 680 907 710 57:
942 675 958 710 ὁ
985 676 1023 710 δὲ
1047 674 1181 714 Σύλλας
1211 675 1394 722 ὑπολαβὼν
1427 675 1652 722 ἀπεκρίνατο·
1675 695 1722 701 ——
1745 674 1835 722 Φρυ-

250 735 324 781 γίαν
351 734 388 768 δέ
413 747 467 769 σοι
490 732 622 773 Μάνιος
647 734 774 769 ἔδωκεν
800 733 858 768 ἐπὶ
882 733 1083 780 δωροδοκίᾳ,
1118 733 1135 767 ὃ
1159 733 1272 768 κοινόν
1299 732 1389 768 ἐστιν
1422 732 1550 780 ἀμφοῖν
1583 732 1747 779 ἀδίκημα.
1777 734 1836 768 καὶ

250 792 336 838 τῷδε
368 791 517 838 μάλιστα
549 791 653 839 αὐτὴν
686 791 866 838 ὁμολογεῖς
899 791 938 826 οὐ
965 791 1104 830 δικαίως
1128 791 1258 839 λαβεῖν,
1292 790 1332 826 ἐκ
1356 790 1576 839 δωροδοκίας.
1607 791 1624 826 ὅ
1642 803 1680 829 τε
1704 789 1836 830 Μάνιος

251 850 308 884 καὶ
340 850 383 884 τὰ
414 849 503 884 ἄλλα
536 848 696 897 ἠλέγχθη
729 845 802 895 nup*
839 848 925 894 ἡμῖν
957 848 1012 883 ἐπὶ
1042 848 1197 896 χρήμασι
1228 848 1365 895 πράξας,
1394 849 1454 884 καὶ
1484 849 1595 884 πάντα
1625 847 1785 884 ἀνέλυσεν
1810 849 1834 894 ἡ

253 906 373 953 βουλή.
407 900 435 952 ᾧ
459 906 551 953 λόγῳ
576 906 635 941 καὶ
660 905 807 953 Φρυγίαν
834 906 960 944 ἀδίκως
985 918 1037 940 σοι
1070 905 1229 941 δοθεῖσαν
1255 905 1321 954 οὐχ
1346 905 1450 954 ἑαυτῇ
1485 905 1653 941 συντελεῖν
1679 905 1835 946 ἐπέταξεν

251 963 286 1003 ἐς
316 965 394 1002 τοὺς
426 966 563 1009 φόρους,
594 960 667 998 ἀλλ’
693 963 882 1009 αὐτόνομον
918 963 1084 1010 μεθῆκεν.
1133 966 1345 998 Mommsen.
1392 965 1617 998 Mithridates
1641 965 1836 1008 Euergetes

251 1023 407 1056 decessit
438 1032 531 1056 anno
559 1025 622 1054 420
649 1032 680 1055 a.
704 1023 783 1055 Chr.
810 1032 842 1055 n.
879 1022 951 1063 (Th.
980 1022 1137 1055 Reinach
1166 1022 1399 1055 Mithradates
1429 1023 1590 1064 Eupator
1615 1031 1648 1065 p.
1675 1025 1716 1055 39
1741 1031 1835 1056 vers.

252 1082 393 1123 Germ),
425 1081 488 1113 sed
521 1081 734 1122 priusquam
762 1082 908 1113 senatus
943 1089 999 1112 res
1024 1080 1200 1122 Phrygiae
1233 1080 1278 1112 ab
1303 1080 1399 1113 illius
1431 1089 1542 1122 regno
1569 1080 1714 1114 avolsae
1739 1080 1838 1113 ordi-

251 1140 353 1171 naret
371 1138 648 1180 quadriennium
667 1138 775 1170 etiam
794 1138 980 1170 transiisse
997 1138 1055 1170 hic
1073 1138 1200 1170 titulus
1218 1137 1332 1170 docet.
1429 1141 1447 1168 3
1481 1138 1670 1180 Supplevit
1684 1138 1836 1171 Momm—

253 1205 325 1229 sen.
368 1195 417 1228 Cf.
436 1197 510 1229 not.
529 1198 558 1228 2.
678 1197 695 1226 4
728 1192 926 1239 ἀφείΙ[λετο]
950 1195 1107 1237 Ramsay
1131 1194 1283 1228 Viereck
1307 1195 1474 1228 Reinaeh.
1514 1195 1583 1228 Sed
1601 1204 1686 1228 eum
1702 1196 1835 1229 horum

251 1253 461 1295 verborum,
487 1261 580 1295 quae
606 1253 641 1285 in
666 1253 804 1295 protasi
829 1254 923 1294 sunt,
950 1253 1117 1285 notiones
1146 1253 1182 1285 in
1208 1252 1360 1298 apodosi
1383 1261 1474 1286 voce
1507 1250 1703 1299 ἐδωρήσατο
1735 1254 1780 1294 (v.
1805 1254 1835 1295 9)

252 1311 617 1354 comprehendantur,
654 1309 767 1342 verbo
805 1310 986 1342 adimendi
1023 1310 1082 1342 hic
1118 1310 1239 1343 locum
1273 1319 1345 1343 non
1376 1319 1456 1343 esse
1486 1311 1595 1353 patet.
1644 1309 1762 1349 Quare
1792 1319 1836 1343 ex

251 1379 283 1402 n.
302 1371 377 1411 435,
397 1372 415 1401 9
442 1366 557 1412 ἀφέθη
577 1368 724 1409 reposui
744 1365 931 1410 ἀφεῖΙ[κεν].
973 1368 1237 1400 Inconcinnitas
1256 1367 1404 1410 perfecti
1421 1368 1550 1401 mediis
1567 1368 1712 1402 aoristis
1729 1369 1837 1401 inter-

251 1427 361 1469 positi
386 1435 457 1459 non
482 1424 718 1457 intolerabilis
739 1425 894 1466 videtur,
920 1426 1135 1467 praesertim
1162 1435 1244 1457 cum
1271 1424 1384 1471 ἀφῆκε
1410 1428 1447 1458 et
1470 1424 1593 1470 ἀφεῖκε
1618 1425 1720 1459 facile
1743 1427 1838 1459 inter

249 1493 287 1517 se
314 1483 484 1517 confundi
510 1483 697 1525 potuerint
723 1491 806 1515 cum
833 1484 982 1524 propter
998 1482 1094 1515 illius
1119 1484 1247 1515 aetatis
1264 1484 1597 1525 pronuntiationem
1623 1485 1702 1517 tum
1726 1492 1836 1526 prop-

248 1543 303 1574 ter
332 1540 507 1582 pluralem
534 1539 660 1572 aoristi
686 1537 830 1584 ἀφεῖσαν
857 1540 919 1581 qui
944 1540 1022 1582 ipse
1047 1549 1193 1582 quoque
1218 1539 1481 1581 diphthongum
1508 1540 1627 1573 habet.

339 1722 428 1766 437
470 1725 715 1776 Fragmenta
736 1725 912 1776 quinque
942 1725 1103 1764 tabulae
1134 1725 1351 1764 marmoris
1382 1724 1460 1764 albi
1489 1725 1753 1778 subcaerulei,
1783 1738 1836 1766 ex

253 1795 401 1847 quibus
433 1794 513 1833 duo
544 1805 745 1833 summam
767 1796 927 1845 partem
958 1793 1102 1845 lapidis
1125 1792 1176 1845 (a)
1201 1806 1292 1833 cum
1311 1793 1442 1834 indice
1461 1795 1688 1846 argumenti
1720 1793 1771 1848 (v.
1798 1781 1835 1847 l)

255 1863 447 1914 efficiunt,
478 1864 644 1901 tertium
678 1860 726 1914 (b)
759 1863 810 1901 ad
831 1862 1006 1901 mediam
1035 1863 1180 1913 lapidis
1211 1866 1371 1914 partem
1396 1863 1582 1914 pertinet.
1634 1863 1765 1915 Atque
1794 1864 1835 1902 in

255 1932 318 1971 his
350 1931 521 1984 quidem*
544 1931 680 1970 omnia
710 1935 872 1983 praeter
891 1932 1000 1969 illum
1022 1931 1200 1982 primum
1222 1943 1386 1971 versum
1411 1943 1486 1984 per
1506 1932 1607 1972 duas
1627 1933 1835 1972 columnas

255 2001 366 2053 paris
397 1999 617 2039 latitudinis
649 1998 702 2052 (A
731 1997 784 2051 B)
817 2000 1014 2051 disposita
1044 2002 1148 2039 sunt.
1212 2001 1391 2053 Denique
1427 2001 1507 2040 duo
1543 2002 1699 2054 reliqua
1727 2001 1837 2053 frag-

255 2073 403 2120 menta,
436 2080 516 2108 non
548 2069 820 2119 contingentia
840 2068 1003 2120 quidem
1033 2070 1137 2108 inter
1167 2081 1223 2121 se,
1255 2070 1326 2109 sed
1349 2071 1494 2122 exiguo
1515 2070 1639 2110 modo
1667 2071 1836 2110 lacunae

254 2138 467 2177 intervallo
489 2137 675 2188 discreta,
707 2137 907 2176 inferioris
928 2138 1056 2189 partis
1079 2136 1126 2191 (c)
1150 2142 1263 2188 sunt3
1296 2150 1400 2190 quae
1422 2150 1531 2191 pars,
1561 2139 1740 2192 undique
1759 2139 1836 2179 nisi

255 2218 380 2258 supra
410 2207 578 2257 integra,
612 2218 753 2245 versus
786 2206 996 2245 continuos
1026 2218 1101 2258 per
1124 2210 1253 2246 totam
1283 2208 1428 2259 lapidis
1458 2208 1711 2247 latitudinem
1740 2220 1835 2261 per-

255 2278 462 2314 currentes
493 2273 628 2313 habet.
680 2274 879 2326 Pergami.
941 2270 1011 2313 Ed.
1045 2276 1093 2314 M.
1117 2275 1289 2316 Frankel
1320 2276 1595 2316 Alterthiimer
1624 2288 1706 2317 von
1736 2277 1836 2316 Per-

253 2355 401 2395 gamon
435 2343 531 2394 VIlI,
563 2343 586 2382 2
625 2355 665 2395 p.
698 2344 777 2381 496
817 2356 855 2382 n.
886 2344 981 2383 268.
1046 2343 1102 2383 Cf.
1142 2356 1246 2396 quae
1286 2346 1336 2384 de
1371 2346 1488 2385 titulo
1523 2346 1836 2399 disputaverunt

254 2413 295 2451 E.
321 2412 454 2452 Sonne
495 2412 543 2450 de
586 2412 747 2451 arbitris
785 2413 963 2452 externis
993 2426 1032 2465 p.
1058 2413 1110 2452 26
1142 2425 1180 2452 n.
1205 2414 1356 2454 XLVII.
1417 2410 1660 2455 P.*Foucart
1696 2415 1834 2455 Revue

255 2480 304 2519 de
334 2479 550 2532 philologio
579 2480 687 2518 xxv
721 2480 821 2519 4901
862 2494 901 2533 p.
926 2480 992 2520 87.

311 2605 339 2633 a
367 2591 630 2647 [Συνθῆκαι
661 2592 954 2647 Σαρδια]νῶν
986 2593 1079 2649 κ[αὶ
1109 2591 1390 2650 Ἐφεσί]ων1.

348 2726 561 2757 Litterarum
588 2724 726 2757 formae
752 2725 916 2765 volgares
941 2727 1060 2766 (etiam
1086 2727 1154 2767 13)
1181 2726 1323 2769 praeter
1348 2727 1491 2760 ΘΠΠΣ.
1618 2730 1630 2760 4
1662 2729 1701 2761 In
1726 2737 1833 2771 supe-

256 2785 350 2815 riore
374 2784 477 2824 parte
501 2783 586 2814 sunt
611 2781 703 2814 duae
728 2782 903 2824 epistulae
929 2783 967 2821 Q.
986 2785 1093 2816 Mucii
1111 2784 1303 2817 Scaevolae
1328 2784 1370 2816 ad
1391 2784 1543 2816 verbum
1569 2785 1663 2818 inter
1686 2794 1726 2818 se
1748 2795 1833 2819 con-

256 2841 462 2882 sentientes,
494 2839 529 2871 in
556 2839 701 2871 sinistra
726 2839 873 2881 quidem
899 2841 1066 2873 columna
1093 2842 1115 2880 (Ι
1142 2851 1174 2873 ν.
1195 2841 1316 2882 2—25)
1342 2841 1385 2873 ad
1412 2841 1612 2883 Sardianos,
1647 2843 1682 2874 in
1708 2842 1832 2876 dextra

257 2907 342 2930 vero
371 2898 408 2937 (ll
426 2906 458 2929 v.
478 2896 624 2937 26—55)
645 2896 690 2929 ad
708 2896 891 2938 Ephesios.
934 2897 1057 2938 Neque
1074 2899 1170 2930 enim
1188 2901 1285 2931 recte
1302 2899 1489 2940 superiora
1508 2898 1616 2932 modo
1635 2899 1834 2942 fragmenta
