1858 3126
508 157 599 190 vm.
634 157 703 190 Res
727 158 764 189 et
786 157 899 190 verba
923 157 1151 190 notabiliora.

9 288 11 290 ’
82 296 152 332 ἀπὸ
162 301 232 331 τῶν
243 295 334 331 κατὰ
345 294 497 340 πόλεμον
510 293 652 341 ἀγώνων
670 294 748 337 273,
765 301 793 327 1.

83 353 120 389 ἐν
135 356 211 392 τοῖς
224 352 314 388 κατὰ
327 351 480 397 πόλεμον
495 351 622 399 ἀγῶσιν
647 351 724 395 332,
740 358 794 384 57.

81 409 301 460 χαριστήριον
323 414 394 455 τῶγ
417 408 507 444 κατὰ
533 407 683 454 πόλεμον
706 407 794 455 ἀγώ-

82 479 152 503 νων
177 468 304 512 328,1.
355 465 440 513 ὑπὲρ
470 469 534 512 τῆς
565 464 726 511 πατρίδος
748 483 795 490 —

82 524 218 570 ἀγῶνας
249 522 412 570 είρηκότα
441 522 497 557 ἐπὶ
531 525 591 557 τοῦ
622 520 793 568 Σεβαστοῠ

84 582 163 625 567,
182 588 222 615 24

35 637 230 685 ἀγώνισμα·
259 637 477 685 ἀγωνίσματα
501 637 579 680 509,
597 643 636 671 21

36 694 250 743 ἀγωνοθεσία
274 695 351 739 764,
370 701 411 728 35

8 799 11 801 ‚
37 750 279 800 ἀγωνοθετέω·
315 749 619 798 ἀγωνοθετήσοντα
643 750 721 793 544,
739 755 792 784 26.

83 809 162 853 547,
195 815 226 843 0.
280 806 587 854 ἀγωνοθετήσασαν
627 808 704 850 513,
741 813 793 841 16.

13 890 31 898 .,
82 864 403 913 ἀγωνοθετήσαντος
428 865 505 908 713,
524 874 554 900 5.
574 873 604 898 7.
624 871 640 898 8

16 921 254 977 ἱἀγιιινοίὶέτης
292 922 372 967 215,
396 930 426 957 ο.
467 922 546 965 219,
571 929 625 956 3ο.
665 921 743 964 268,
762 929 793 955 5.

12 977 47 1026 Τ-
83 980 163 1024 299,
183 986 236 1014 17.
267 980 346 1023 325,
366 986 395 1013 3.
429 978 581 1022 332,12.
614 979 692 1021 339,
718 984 792 1012 102.

11 1031 30 1086 ιἐῑ
83 1037 163 1081 489,
195 1043 247 1071 14.
288 1037 366 1080 501,
396 1043 426 1070 9.
471 1037 549 1079 504,
580 1042 610 1069 2.
653 1036 730 1078 505,
763 1042 792 1069 1.

85 1094 164 1137 507,
183 1099 215 1127 2.
248 1093 326 1136 516,
347 1100 377 1126 6.
396 1099 448 1126 14.
482 1091 560 1135 528,
579 1099 608 1125 8.
642 1092 720 1134 540,
741 1098 791 1126 1ο.

16 1158 22 1186 -ζ
85 1151 164 1194 542,
183 1157 214 1185 7.
241 1150 319 1194 567,
338 1156 367 1183 5.
393 1149 470 1192 713,
489 1154 520 1182 2.
549 1148 626 1191 765,
645 1154 699 1182 43.
740 1146 795 1182 διὰ

13 1218 22 1242 J
84 1206 158 1253 βίου
196 1175 415 1253 ἀγωνοθέτης
450 1206 601 1249 470,11.
638 1205 717 1247 566,
740 1211 794 1238 31.

82 1262 294 1310 ἀγωνοθέται
317 1263 396 1306 444,
413 1269 432 1296 2

14 1310 222 1372 ξάβαπάνως
247 1320 325 1364 763,
345 1326 384 1354 66

18 1373 161 1442 ,ἀδεής
185 1375 404 1424 ἀρπαζόντων
428 1374 537 1414 ἀδεῶς
559 1380 628 1410 τῶν
646 1375 701 1410 ἐπὶ
719 1378 794 1414 ταῖς

20 1466 22 1469 .
82 1434 214 1484 χρείαις
238 1434 318 1477 665,
339 1439 379 1467 18

18 1489 277 1532 matteum<
324 1489 404 1528 τοὺς
450 1489 510 1524 δύο
555 1489 796 1536 κλήρους-

18 1541 50 1583 έῖζκ
84 1547 175 1583 εἶναι
197 1546 313 1586 αὐτοῖς
336 1546 579 1585 ἀδεκατεύτους
603 1547 763 1590 229,101

16 1595 38 1612 ²
59 1613 75 1632 r,
100 1603 190 1651 λφή*
225 1604 289 1650 τὴν
323 1603 566 1649 λαμπροτάτην
598 1600 794 1650 Ἀντιοχέων

24 1657 51 1707 ξ,
83 1661 252 1697 κολωνίαν
291 1659 315 1705 ἡ
354 1660 579 1706 λαμπροτάτη
614 1659 795 1708 Λυστρέων

18 1711 55 1759 ᾖ]
83 1717 236 1754 κολωνία
256 1717 320 1761 τὴν
344 1716 496 1764 ἀδελφήν
521 1717 599 1760 536,
620 1725 637 1751 5

21 1774 205 1820 -·λφός”
255 1772 469 1818 (honorifica
514 1773 705 1818 appellatio
752 1773 796 1808 in

23 1816 250 1879 'fssJ-apnbuais
294 1841 421 1875 royum
474 1830 525 1865 ad
575 1829 793 1874 familiares)

51 1888 165 1932 138,
179 1894 209 1922 2.
238 1888 314 1931 168,
333 1894 386 1922 26.
407 1895 460 1922 36.
501 1887 561 1929 (ad
574 1886 667 1922 alios
686 1888 794 1932 reyes)

85 1945 166 1989 257,
185 1951 203 1979 2

30 1992 76 2028 ¹²³*
93 2010 250 2047 κριτος·
281 2001 362 2035 οὐδὲ
383 2014 483 2036 τουτο
506 2002 544 2036 τὸ
569 2000 674 2047 μέρος
696 2001 796 2036 κατέ-

32 2042 69 2088 y.-
85 2056 185 2092 λιπον
205 2057 403 2104 ἀδιάκριτον
428 2059 506 2102 509,
526 2067 543 2093 8

31 2109 280 2153 ᾒδιασπάστως
304 2115 443 2159 244,14

0 2181 1 2184 ’
34 2166 253 2214 ἰδιέξακτος·
290 2171 397 2218 μηδὲν
429 2170 625 2212 ἀδιέξακτον
658 2172 796 2207 ἀπολεί-

38 2210 65 2279 ἶῑ
86 2237 207 2265 ποντες
231 2229 308 2271 335,
328 2235 380 2262 34.
401 2235 440 2261 75

37 2280 170 2326 Quia·
207 2284 270 2328 τὴν
305 2283 509 2330 πρόσκαιρόν
545 2296 634 2323 τινος
665 2286 796 2321 ἀδικίαν

89 2339 344 2386 μειμησάμενος
369 2340 506 2383 669,14

0 613 6 662 «ῆς
0 590 10 605 μ
0 561 8 567 v
0 545 3 551 ,„

108 2395 236 2433 ύλωτος
261 2365 473 2442 δημοκρατία
496 2397 575 2440 449,
594 2405 611 2431 6

40 2435 180 2494 κον·
214 2452 247 2486 οἱ
270 2451 320 2489 εἰς
347 2452 387 2486 τὸ
415 2451 536 2487 ἄδυτον
561 2453 797 2500 εἰσπορευόμε-

129 2521 142 2543 ι
171 2509 256 2554 πρὸς
289 2508 348 2542 τὸν
384 2507 564 2554 στολισμὸν
599 2515 666 2543 τῶν
708 2510 796 2545 θεῶν

10 2600 18 2609 ,
47 2558 146 2608 *166
164 2573 195 2600 4.
214 2573 267 2599 59.
296 2566 351 2608 90,
371 2573 400 2600 6.
442 2565 475 2599 οἱ
498 2566 717 2611 κεκομικότες
739 2568 797 2602 τὸν

50 2618 179 2667 ³212pr
208 2622 371 2668 στέφανον
406 2622 464 2656 τὸν
502 2621 542 2656 ἐκ
570 2626 630 2657 τοῦ
662 2623 798 2668 ἀδύτου,

51 2679 78 2706 ³3
93 2669 126 2722 ᾧ
139 2676 472 2723 ἑστεφανώκειὴμᾶς
485 2678 502 2713 ὁ
517 2678 627 2724 δῆμος
652 2679 728 2724 227,
748 2688 798 2714 11.

48 2730 200 2781 {fib-ata
222 2735 277 2778 90,
295 2741 337 2768 42

52 2862 61 2865 ⁴
80 2870 81 2873 ¹
92 2842 294 2892 ἐλευθέρους
306 2848 430 2886 παῖδας
442 2849 667 2894 παραβώμιον
681 2850 758 2892 309,
769 2857 798 2884 8.

73 2901 154 2940 w&
170 2901 358 2950 παρθένους
372 2924 421 2930 -
438 2899 516 2951 ᾆσαι
532 2905 635 2951 ὕμνον
652 2906 731 2949 309,
748 2913 798 2941 10.

114 2967 396 3006 wittenburgor,
415 2971 541 3000 Orientis
559 2981 599 3007 gr.
618 2973 703 3001 inser.
739 2973 776 3000 11.

30 2778 137 2835 ᾅδω·
161 2783 252 2835 ᾄδειν
267 2810 313 2815 -
330 2789 455 2836 ὕμνους
474 2793 589 2836 56,68.
627 2785 706 2838 ᾆσαι
721 2792 799 2831 τοὺς

1533 159 1617 199 625

908 293 967 328 ἵνα
993 293 1031 328 δὲ
1054 293 1112 328 καὶ
1133 292 1182 331 είς
1198 294 1256 328 τὸν
1273 293 1394 328 λοιπὸν
1410 294 1534 340 χρόνον
1554 292 1621 329 ὑπὸ

911 350 973 395 μὲν
996 354 1065 385 τῶν
1089 350 1220 385 παίδων
1242 344 1365 397 ᾅδηται
1395 351 1434 384 τὸ
1459 349 1622 396 παραβώ-

911 419 999 452 μιον,
1024 406 1042 441 ὁ
1067 407 1105 441 δὲ
1130 406 1235 453 ὕμνος
1259 406 1325 442 ὑπὸ
1347 412 1415 442 τῶν
1440 405 1621 453 παρθένων

911 465 989 508 309,
1011 472 1062 500 ιο.
1083 471 1118 498 1¹

862 519 1067 568 ἀείμνηστος
1102 521 1178 565 139,
1197 527 1251 556 22.
1288 522 1365 565 168,
1384 528 1436 556 13.
1471 521 1548 566 194,
1566 528 1621 556 34.

910 578 989 622 339,
1009 587 1026 612 9

862 634 1000 673 ἀέναος·

909 691 1032 726 ἀέναον
1055 692 1187 737 κόσμον
1212 694 1266 736 56,
1285 699 1326 727 48

864 747 1048 794 ἀήττητος·
1079 753 1140 784 τοῦ
1170 748 1340 795 ἀηττήτου
1371 748 1623 797 αὐτοκράτορος

910 803 1162 851 Ούαβαλλάθου
1186 803 1421 854 Ἀθηνοδώρου
1447 807 1525 850 647,
1544 815 1562 842 6

864 862 1049 901 ἀθάνατος·
1086 862 1256 901 ἀθάνατος
1288 862 1463 910 εὐεργεσία
1493 864 1548 907 56,
1569 871 1621 899 18.

908 920 1013 965 τιμὴν
1041 919 1209 966 ἡρωϊκὴν,
1242 919 1284 965 ἣν
1317 919 1485 959 ἀθάνατος
1514 919 1623 967 κρίσις

910 976 1081 1023 ἐκύρωσεν
1106 978 1183 1020 383,
1203 983 1280 1012 207.
1329 977 1469 1023 μίμημα
1493 977 1623 1012 δίκαιον

911 1033 1092 1080 φυλάσσων
1105 1033 1276 1068 ἀθανάτου
1289 1033 1465 1080 φροντίδος
1478 1034 1556 1078 383,
1566 1041 1621 1069 64.

910 1092 989 1134 «104,
1010 1096 1048 1124 27

864 1146 983 1185 ἄθεος·
1021 1151 1082 1192 τῆς
1105 1151 1174 1181 τῶν
1206 1146 1319 1182 ἀθέων
1350 1146 1526 1194 ἀπεχθοῦς
1549 1147 1623 1182 ἐπι-

910 1203 1100 1250 τηδεύσεως
1126 1205 1204 1248 569,
1223 1210 1265 1238 22

865 1260 1015 1296 ἀθετέω·
1042 1261 1100 1295 ἐὰν
1126 1260 1166 1295 δέ
1186 1273 1274 1300 τινες
1296 1266 1365 1295 τῶν
1381 1261 1517 1297 πόλεων
1542 1261 1624 1298 ἀθε-

910 1315 1055 1352 vafre>
1080 1317 1262 1364 σύμφωνον
1286 1319 1366 1362 444,
1388 1326 1424 1353 18

864 1374 1023 1420 ἄθλημα·
1048 1374 1153 1412 τιθεὶς
1170 1373 1262 1410 ἆθλα
1277 1375 1413 1409 πάντων
1427 1381 1496 1410 τῶν
1511 1375 1624 1423 ἀθλη-

913 1432 1031 1477 μάτων
1057 1432 1134 1475 339,
1155 1439 1194 1467 79

866 1487 987 1524 ἆθλον·
1021 1487 1114 1524 ἆθλα
1144 1489 1221 1533 339,
1242 1497 1294 1524 79.
1320 1497 1374 1525 81.
1419 1491 1476 1525 τὸν
1507 1490 1624 1537 ἀγῶνα

912 1546 1078 1581 ἐπιτελεῖν
1101 1565 1149 1571 -
1173 1541 1226 1579 ἐπ’
1245 1545 1364 1584 ἄθλοις
1393 1547 1623 1586 ταλαντιαίοις

911 1604 970 1638 καὶ
993 1602 1219 1649 ἀγωνίσμασιν
1243 1603 1333 1637 κατὰ
1354 1603 1398 1637 τὰ
1420 1603 1513 1639 ἆθλα
1544 1606 1622 1649 509,

914 1667 967 1694 20.
987 1667 1026 1694 21

866 1716 1062 1763 ἀθλοφόρος
1078 1714 1266 1762 Βερενίκης
1280 1715 1500 1764 Εὐεργέτιδος
1521 1719 1622 1761 90,-5.

913 1775 990 1817 739,
1010 1781 1027 1807 9

865 1829 1029 1876 ἀθροίζω-
1054 1830 1093 1864 τὸ
1116 1835 1178 1876 τῆς
1196 1830 1355 1876 μυήσεως
1376 1829 1488 1865 ἕνεκεν
1506 1830 1624 1879 ἀθροι-

913 1886 994 1922 σθὲν
1018 1886 1154 1931 πλῆθος
1180 1888 1258 1930 764,
1279 1895 1295 1921 9

867 1944 988 1991 αἷγειοι
1019 1943 1119 1978 ἀσκοί
1149 1944 1227 1987 629,
1247 1951 1299 1978 39.
1326 1950 1381 1978 42.
1406 1952 1459 1978 46.
1486 1952 1540 1980 49.
1570 1953 1622 1980 52.

914 2009 967 2035 60.
988 2007 1040 2035 62.
1063 2008 1124 2034 149

867 2058 1037 2105 αἰγιαλός
1074 2057 1125 2096 οἷς
1156 2057 1215 2092 καὶ
1245 2057 1324 2096 τοὺς
1355 2057 1538 2104 αἰγιαλοὺς·
1562 2064 1624 2106 τῆς

913 2114 1088 2160 θαλάσσης
1103 2114 1284 2160 φυλάσσειν
1299 2113 1463 2149 ἐκέλευσα
1489 2116 1565 2159 199,
1581 2122 1619 2149 21

867 2171 989 2210 ἀΐδιος·
1021 2172 1066 2206 τὰ
1088 2170 1180 2206 καλὰ
1207 2176 1276 2205 τῶν
1302 2171 1409 2218 ἔργων
1434 2171 1482 2209 εἰς
1506 2172 1624 2217 ἀΐδιομ

914 2228 1054 2273 μνήμην
1070 2227 1203 2274 ἀνάγων
1229 2228 1307 2271 248,
1326 2234 1379 2261 26.
1419 2228 1520 2273 τιμὰς
1537 2228 1624 2263 ἀϊδί-

913 2297 971 2323 ους
996 2285 1050 2327 56,
1070 2292 1123 2318 54.
1169 2284 1244 2330 περὶ
1277 2284 1471 2330 ἱερουργιῶν
1503 2284 1623 2320 ἀϊδίων

914 2342 991 2385 383,
1013 2348 1052 2375 76

868 2398 988 2436 αἰδώς·
1015 2397 1179 2443 ἐπιεικείᾳ
1194 2409 1230 2431 τε
1253 2396 1312 2431 καὶ
1335 2396 1428 2431 αἰδοῖ
1450 2397 1542 2445 πάσῃ
1567 2411 1624 2433 κε-

911 2455 1077 2501 χρημένῳ
1103 2456 1181 2497 ⁵⁰7,
1201 2461 1217 2488 8

868 2511 937 2551 αίξ·
961 2511 1038 2545 ποτὶ
1060 2511 1121 2550 τὰς
1145 2511 1244 2557 αἶγας
1267 2510 1327 2549 τὰς
1353 2510 1444 2556 ἱεράς
1469 2513 1547 2555 345,
1569 2519 1607 2546 16

869 2568 1020 2615 αίράριον
1037 2569 1116 2610 494,
1133 2575 1183 2601 14.
1226 2568 1375 2614 ἔπαρχον
1393 2567 1546 2614 αἰραρίου
1563 2572 1624 2602 τοῦ

915 2621 1051 2668 Κρόνου
1077 2625 1154 2667 543,
1174 2631 1213 2658 21

869 2679 993 2727 αἵρεσις
1034 2680 1204 2723 (animus,
1240 2679 1427 2722 sententia)
1469 2681 1547 2723 227,
1571 2687 1623 2714 14.

916 2737 993 2779 229,
1022 2745 1051 2770 5.
1080 2745 1131 2771 18.
1173 2737 1250 2779 237,
1277 2744 1307 2770 8.
1348 2737 1426 2779 244,
1453 2743 1503 2770 18.
1546 2737 1624 2780 315,

917 2799 969 2826 25.
991 2799 1042 2826 34.
1069 2793 1219 2836 326,12.
1266 2792 1328 2836 τὴν
1359 2791 1465 2837 αὐτὴν
1496 2791 1625 2838 αἵρεσιν

915 2848 1006 2896 ἔχων
1024 2850 1102 2892 219,
1123 2856 1173 2883 18.
1209 2849 1271 2893 τὴν
1287 2847 1538 2896 αὐτὴναῖρεσιν
1555 2849 1626 2884 δια-

917 2905 1095 2951 φυλάττειν
1142 2905 1336 2952 (διατηρεῖν)
1396 2907 1471 2949 117,
1508 2914 1538 2942 5.
1571 2914 1624 2942 16.

1307 2976 1348 3007 40

1049 634 1209 682 ἐξαίφνης
1255 634 1434 680 μετελθεῖν
1475 635 1524 673 εἰς
1562 634 1622 670 τὸν
