1858 3126
0 2304 2 2309 ¹
78 2286 275 2334 ἀντιφωνὲω
283 2297 291 2306 ·

546 100 636 133 vlu,
670 100 740 133 Res
763 101 801 133 et
823 99 938 133 verba
962 99 1192 133 notabiliora.

11 238 18 283 ‚3
73 236 333 284 ἀναλαμβάνω·
366 236 427 272 καὶ
460 233 532 271 κατ’
564 235 650 271 ἰδίαν
686 234 832 270 ἑκάστου

12 321 20 337 f
62 339 69 345 ·
120 294 181 330 καὶ
201 294 291 330 κατὰ
310 294 424 330 κοινὸν
453 293 589 328 πάντων
621 292 831 339 ἀντιλαμβά-

120 363 214 387 νεται
244 349 434 399 προθύμως
465 352 521 395 51,
547 358 577 386 9.
607 358 658 386 1ο.
709 354 772 397 τῆς
795 362 832 384 τε

120 407 232 456 άλλης
269 406 532 456 εὐσχημοσύνης
569 412 632 453 τῆς
666 406 756 442 κατὰ
793 406 833 441 τὸ

120 464 304 513 γυμνάσιον
321 464 526 510 ἀντελάβετο
552 465 630 508 339,
649 470 702 499 32.
741 462 833 498 ἀντι-

8 556 10 558 ,
121 522 243 569 λαβοῦ,
267 522 365 568 κύριε
390 520 526 568 Σάραπι
550 523 628 566 697,
648 529 662 555 1

0 575 17 623 ;’
75 578 256 627 ἀντιλέγω·
286 584 354 614 τῶν
378 578 647 626 ἀντιλεγομένων
680 578 758 622 335,
778 584 831 612 69.

0 637 3 642 Γ
122 637 198 683 περὶ
236 642 304 672 τῶν
350 635 616 683 ἀντιλεγομένων
664 635 743 679 335,
777 641 831 670 27.

122 692 329 741 ὑπεξαίρεσιν
343 698 412 728 τῶν
427 692 695 740 ἀντιλεγομένων
719 692 797 736 335,
812 699 830 726 6

0 747 2 795 ᾗ
75 749 275 790 ἀντίπαλος·
298 750 494 786 ἀντιπάλων
517 749 703 798 ὑπερτέρου
729 750 785 794 90,
800 755 830 784 2.

11 848 25 853 „
123 806 159 848 ἐξ
181 807 378 843 ἀντιπάλων
401 808 582 855 χειμώνων
609 808 685 851 194,
705 813 747 841 22

2 899 5 902 .
74 863 284 912 ἀντίρρησις·
318 864 547 912 ἀναρρήσεως
579 865 616 899 δὲ
641 862 832 912 ἐπενεχθεί-

3 926 6 927 ’
122 933 185 968 σης
209 921 288 967 335,
309 929 372 958 143

0 959 6 988 ’Ξ
73 977 337 1027 ἀντιστράτηγος
347 982 411 1026 τῆς
421 979 529 1025 νήσου
540 976 705 1024 (Κύπρου)
722 979 832 1022 165,2.

121 1036 385 1083 ἀντιστράτηγος
409 1038 491 1081 (pro
510 1037 686 1081 praetore)
711 1036 789 1078 429,
803 1043 831 1068 5.

122 1094 200 1138 445,
212 1100 243 1128 2.
267 1094 386 1137 448,3.
410 1093 531 1137 482,7.
555 1094 635 1136 486,
655 1100 684 1127 ο.
707 1100 760 1127 11.
781 1099 833 1126 1³.

121 1151 202 1194 535,
237 1157 268 1185 ³.
308 1151 386 1194 538,
417 1157 447 1185 e.
490 1150 567 1194 548,
599 1157 651 1184 ¹4.
693 1148 772 1192 558,
801 1155 833 1183 4.

121 1208 285 1252 560,1·1.
325 1209 404 1252 576,
434 1215 464 1242 6.
505 1207 584 1250 587,
619 1214 649 1241 ¹1.
689 1206 768 1249 601,
803 1213 833 1239 5.

122 1265 202 1308 618,
223 1271 275 1298 10.
300 1264 380 1308 625,
398 1271 429 1299 7.
453 1264 532 1307 629,
553 1269 615 1299 123

0 1296 4 1310 ³
74 1321 273 1367 ἀντιταμίας
312 1323 394 1367 (pro
433 1322 625 1366 quaestore)
665 1322 745 1364 441,
779 1327 833 1355 88.

122 1377 322 1423 ἀντιταμίας
349 1378 410 1413 καὶ
438 1378 700 1424 ἀντιστράτηγος
736 1379 834 1422 (pro-

122 1437 288 1480 quaestor
304 1446 376 1481 pro
393 1436 570 1481 praetore)
594 1435 711 1479 448,2

72 1491 275 1528 ἀντιτάττω·
306 1492 365 1527 σὺν
387 1493 438 1538 τῷ
459 1492 539 1531 τοὺς
568 1491 742 1539 ἡγεμόνας
765 1496 833 1526 τῶν

119 1548 391 1595 ἀντιταξαμένων
423 1549 513 1585 ἑλεῖν
549 1550 629 1593 654,
654 1557 685 1583 4.
740 1554 834 1594 πρῶ-

121 1618 179 1645 τος
186 1625 234 1632 -
241 1606 416 1653 προείλετο
432 1605 675 1654 ἀντιτετάχθαι
687 1604 833 1651 (Μιθρα-

124 1662 220 1709 δάτῃ)
238 1664 317 1706 441,
338 1670 390 1697 39.
421 1666 496 1700 τοῖς
513 1662 680 1708 βασιλέως
696 1660 834 1708 Μιθρα-

122 1719 226 1754 δάτου
241 1719 405 1766 ἡγεμόσιν
423 1719 603 1765 δυνάμεσίν
614 1732 652 1754 τε
668 1739 716 1745 -
732 1719 834 1754 ἐπαν-

122 1775 267 1822 ὃρότατα
282 1775 524 1823 ἀντιτετάχθαι
539 1777 619 1820 441,
631 1784 684 1811 84.
708 1777 788 1820 442,
803 1783 832 1811 2.

122 1833 260 1879 μηθένα
275 1832 531 1868 ἀντιτάσσεσθαι
551 1833 684 1878 τολμᾶν
709 1835 787 1877 765,
803 1842 832 1868 8.

121 1890 377 1926 ἀντιτάττεσθαι
398 1890 530 1937 μηδένα
548 1889 731 1936 βούλεσθαι
755 1891 833 1934 765,

125 1955 179 1982 15.
231 1946 331 1985 αὐτός
364 1959 401 1981 τε
437 1945 639 1987 ἀντετάξατο
674 1949 751 1992 765,
781 1955 834 1982 16.

122 2007 195 2041 τοῖς
231 2016 270 2039 τε
306 2002 475 2042 Γαλάταις
506 2023 554 2030 -
586 2004 835 2052 ἀντιταχθῆναι

123 2061 261 2104 765,³⁷

77 2116 283 2163 ἀντιτιμάω·
313 2117 607 2163 ἀντιτιμασαμένω
636 2116 833 2166 Ἀγωνίππω

124 2175 157 2218 8,
178 2182 229 2209 17.
259 2182 311 2208 18.
361 2174 652 2220 ἀντιτιμασαμένω
691 2174 834 2222 Εὐρυσι-

122 2230 198 2265 λάω
223 2231 255 2274 8,
275 2237 315 2264 62
330 2241 409 2274 sqq.

331 2287 635 2334 ἀντιπεφωνημένα
666 2308 714 2314 -
744 2289 835 2324 ἀντί-

0 2371 2 2377 .
123 2355 239 2390 γραφα
261 2345 340 2387 453,
359 2351 400 2378 26

0 2398 2 2435 Ῐ
78 2400 285 2446 ἀντόμνυμι·
316 2400 520 2446 ἀντομνΰναι
541 2402 621 2446 484,
641 2410 681 2437 39

2 2460 3 2463 ’
77 2457 237 2503 ἄνυδρος·
263 2457 358 2495 ἐντὸς
374 2457 498 2492 πεδίων
514 2458 671 2504 μεγάλων
683 2458 834 2504 ἀνὺδρων

127 2515 263 2558 199‚21

3 2554 5 2556 ι
79 2569 329 2616 ἀνυπέρβατος·
364 2575 438 2610 τοῖς
473 2570 590 2609 ἄλλοις
619 2591 667 2596 -
693 2572 836 2619 ἀνυπερ-

126 2626 240 2672 βάτοις
263 2627 351 2674 ὁμοῦ
374 2631 474 2662 πᾶσιν
499 2628 688 2673 ἐκόσμησεν
718 2630 797 2673 403,
817 2639 834 2664 5

78 2682 171 2718 ἀνω·
207 2684 314 2731 μέγας
345 2685 502 2731 βασιλεὺς
526 2690 594 2719 τῶν
618 2696 655 2718 τε
683 2684 754 2719 ἄνω
777 2686 837 2720 καὶ

127 2746 195 2776 τῶν
206 2742 301 2776 κάτω
313 2748 438 2790 χωρῶν
455 2743 510 2786 90,
522 2749 552 2776 3.
590 2744 650 2775 τοῦ
669 2740 837 2786 βασιλέως

126 2801 187 2832 τοῦ
214 2797 362 2845 ἐπιφανῆ
387 2799 590 2844 ποιήσαντος
613 2797 676 2843 τήν
700 2810 737 2832 τε
764 2798 836 2833 ἄνω

127 2855 244 2901 χώραν
268 2855 327 2889 καὶ
347 2856 410 2902 τὴν
434 2855 529 2889 κάτω
552 2856 607 2908 90,
628 2861 668 2888 46

1575 101 1656 143 631

902 235 994 277 ἀξία·
1020 235 1075 270 διὰ
1090 236 1128 271 τὸ
1150 236 1200 282 μὴ
1217 234 1419 283 ἐξευρίσκειν
1442 238 1506 282 τὴν
1528 235 1585 271 ἐπὶ
1600 235 1662 272 Λί-

950 306 1042 338 μυρα
1080 292 1279 340 πορθμικὴν
1325 293 1417 339 ὠνὴν
1463 294 1528 340 τὴν
1566 293 1661 334 ἀξίαν

950 351 1065 394 572,ο

902 406 1102 448 ἀξιοθέατον
1126 407 1252 453 κτίσμα
1276 407 1353 451 610,
1374 415 1391 442 6

903 463 1079 511 ἀξιόλογος
1112 463 1270 510 passim.
1327 463 1486 512 χώμασίν
1527 475 1564 498 τε
1602 463 1662 499 καὶ

947 521 1088 568 τάφροις
1150 520 1208 555 καὶ
1267 520 1414 569 τείχεσιν
1474 519 1662 569 ἀξιολόγοις

949 579 1005 622 90,
1025 584 1065 613 24

903 634 1007 675 ἀξιόω
1038 634 1195 680 passim.
1244 634 1347 674 ἀξιῶν
1380 654 1426 660 -
1458 634 1663 681 διαλυθῆναι

949 694 982 735 5,
1002 699 1054 726 3ο.
1075 701 1127 728 31.
1167 692 1227 727 καὶ
1250 692 1346 726 αὐτοὶ
1361 692 1509 738 ἠξίωσάν
1527 704 1569 737 με
1594 694 1662 735 (σο-

948 748 1104 792 lues-um,
1127 748 1263 784 honore
1285 748 1493 794 affecerunt)
1520 750 1599 792 201,
1618 757 1635 784 7

902 805 1053 852 ἀξίωμα·
1077 806 1254 851 ἀξιώματα
1273 806 1297 841 ἃ
1313 806 1531 853 ἐπεχώρησεν
1547 804 1662 851 Εὐμέ-

947 875 1010 909 νης
1042 861 1246 910 Φιλεταίρου
1275 866 1349 901 τοῖς
1372 882 1419 889 -—
1443 864 1663 909 στρατιώταις

949 921 1028 963 266,
1051 927 1063 954 1

903 976 1084 1023 ἀοίκητος·
1108 982 1171 1023 τῆς
1195 977 1330 1016 πόλεως
1354 977 1474 1026 σχεδὸν
1497 976 1662 1023 ἀοικήτου

949 1035 1135 1081 γενομένης
1161 1034 1219 1069 διὰ
1249 1035 1287 1070 τὸ
1311 1033 1446 1082 πλῆθος
1468 1039 1538 1068 τῶν
1563 1045 1663 1069 συκο-

951 1097 1085 1136 φαντῶν
1110 1092 1189 1135 669,
1207 1099 1249 1125 4ο

905 1147 1038 1186 ἀόκνως
1064 1148 1220 1194 βοιηθεῖν
1246 1149 1327 1192 765,
1345 1157 1386 1184 45

905 1204 1044 1251 ἀπάγω·
1069 1204 1215 1252 ἀπήχθη
1242 1206 1304 1250 μὲν
1320 1205 1363 1239 τὰ
1380 1205 1448 1240 ἀπὸ
1464 1210 1533 1239 τῶν
1550 1204 1662 1251 ἀγρῶν

937 1260 1060 1310 Ατρντα
1085 1262 1163 1306 339,
1183 1269 1235 1296 56.
1281 1261 1362 1301 τοὺς
1391 1262 1426 1296 έν
1455 1265 1531 1300 ταῖς
1556 1260 1664 1308 φυλα-

949 1321 1030 1357 καῖς
1053 1318 1272 1365 ἀπηγμένους
1295 1320 1352 1363 90,
1372 1327 1412 1354 14

903 1374 1085 1422 ἀπαίτησις
1110 1376 1188 1419 262,
1207 1383 1261 1411 23.
1282 1383 1336 1411 24.
1360 1376 1439 1419 669,
1459 1383 1499 1411 58

903 1432 1102 1479 ἀπαλείφω·
1140 1433 1260 1478 μηδενὶ
1295 1432 1422 1472 ἐξέστω
1455 1432 1542 1478 μήτε
1577 1432 1664 1468 ἀπα·

950 1489 1067 1537 λεῖψαι
1093 1490 1179 1535 μήτε
1204 1489 1379 1537 ἀχρεῶσαι
1403 1490 1482 1534 573,
1502 1498 1543 1525 15

904 1546 1161 1593 ἀπαλλοτριόω·
1187 1547 1276 1594 μήτε
1301 1547 1350 1586 εἰς
1375 1546 1487 1594 ἕτερον
1512 1546 1664 1582 ἀπαλλο-

949 1609 1090 1651 τριῶσαι
1114 1605 1192 1648 383,
1215 1612 1276 1640 183

905 1661 1083 1695 ἀπαντάω·
1124 1661 1157 1696 οἱ
1191 1661 1292 1696 ἄλλοι
1333 1662 1436 1707 ἱερεῖς
1472 1661 1595 1700 πάντες
1631 1662 1665 1697 οἱ

951 1717 1204 1764 ἀπαντήσαντες
1227 1718 1267 1752 ἐκ
1282 1724 1348 1753 τῶν
1364 1718 1452 1753 κατὰ
1467 1718 1530 1764 τὴν
1546 1720 1664 1765 χώραν

953 1774 1050 1820 ἱερῶν
1075 1775 1124 1812 εἰς
1147 1773 1290 1822 Μέμφιν
1320 1776 1369 1821 τῷ
1395 1774 1529 1820 βασιλεῖ
1557 1775 1613 1818 90,
1632 1783 1663 1809 7.

950 1831 1012 1877 τὴν
1036 1831 1220 1877 καλλίστην
1244 1832 1448 1866 κατάστασιν
1471 1830 1666 1878 ἀπηντηκέ-

950 1900 1005 1922 ναι
1040 1894 1108 1922 τῶν
1145 1889 1355 1935 πραγμάτων
1392 1889 1470 1933 299,
1491 1895 1543 1923 12.
1593 1893 1662 1922 τῶν

953 1942 1027 1991 παρ’
1055 1945 1151 1990 ὑμῶν
1177 1946 1392 1992 πρεσβευτῶν
1422 1964 1471 1970 ——
1501 1943 1663 1991 Εἰρηνίας

949 2004 1009 2038 καὶ
1024 2000 1205 2050 Ἀρχέλαος
1227 2003 1482 2049 ἀπαντήσαντες
1505 2002 1540 2037 ἐν
1558 2001 1663 2048 Δήλῳ

951 2060 1135 2095 ἀπέδωκαν
1160 2061 1323 2108 ψήφισμα
1347 2061 1424 2104 763,
1439 2067 1470 2094 4.
1511 2059 1663 2106 ἀπαντῆ-

953 2130 1008 2153 σαι
1037 2118 1075 2152 δὲ
1104 2117 1198 2165 αὐτῷ
1228 2117 1372 2163 (βασιλεῖ
1393 2114 1551 2162 Ἀττάλῳ)
1583 2115 1663 2154 τούς

951 2188 989 2210 τε
1004 2195 1052 2201 -
1069 2175 1170 2221 ἱερεῖς
1193 2175 1253 2209 καὶ
1275 2175 1336 2213 τὰς
1362 2174 1486 2220 ἱερείας
1502 2174 1562 2208 καὶ
1584 2173 1664 2211 τοὺς

952 2232 1160 2279 στρατηγοὺς
1176 2231 1250 2266 κτλ.
1277 2233 1354 2275 332,
1374 2239 1429 2266 33.
1467 2231 1529 2275 τὴν
1555 2230 1661 2264 ἀπαν-

950 2289 1108 2336 τωμένην
1133 2287 1353 2335 καταφθορὰν
1378 2293 1445 2322 τῶν
1473 2287 1565 2322 ἰδίων
1589 2290 1663 2325 τοῖς

952 2346 1038 2392 ὑπὲρ
1053 2349 1116 2391 τῆς
1132 2345 1266 2383 πολέως
1282 2343 1521 2390 πρεσβεύουσιν
1539 2344 1617 2388 339,
1631 2352 1660 2379 5.

952 2407 1015 2449 τῆς
1051 2401 1298 2448 ἀπαντωμένης
1334 2402 1374 2436 ἐκ
1407 2404 1468 2436 τοῦ
1506 2400 1664 2447 πλήθους

953 2459 1166 2507 εὐχαριστίας
1190 2460 1269 2503 339,
1289 2467 1306 2494 9

904 2517 1110 2563 ἀπάντησις·
1146 2514 1188 2551 ἵν’
1210 2516 1286 2563 εἰδῇ
1317 2516 1360 2563 ἣν
1397 2515 1543 2563 ἔσχηκεν
1579 2515 1663 2561 πρὸς

953 2574 1053 2609 αὐτὸν
1078 2574 1101 2620 ἡ
1126 2574 1226 2612 πόλις
1251 2573 1449 2621 εὐχάριστον
1474 2571 1660 2618 ἀπάντησιν

954 2632 1092 2674 737‚24

907 2686 1014 2726 ἅπαξ·
1039 2687 1074 2721 ἓν
1091 2687 1180 2726 ἅπαξ
1204 2685 1331 2729 (semel)
1356 2686 1433 2728 201,
1455 2692 1506 2719 17.
1546 2684 1584 2718 τὸ
1603 2684 1664 2729 μὲν

952 2748 1086 2789 πρῶτον
1103 2742 1193 2783 ἅπαξ
1211 2742 1399 2787 (primum)
1419 2742 1496 2784 201,
1509 2748 1539 2775 6.
1575 2738 1665 2780 ἅπαξ

954 2799 1014 2834 δύο
1047 2799 1122 2842 (bis)
1158 2801 1234 2843 201,
1253 2807 1284 2834 2.
1337 2798 1423 2845 μετὰ
1456 2804 1525 2834 τῶν
1559 2802 1663 2843 τριῶν

954 2855 1043 2895 ἅπαξ
1069 2857 1140 2899 aem
1166 2857 1279 2900 201,4
