1858 3126
203 157 288 199 652

202 292 289 328 εἶτεν
315 293 392 335 237,
413 299 453 325 14

202 349 372 394 ἑκατέρως
399 350 430 391 (i.
448 358 478 382 e.
502 346 636 383 Graece
659 350 690 382 et
711 346 851 389 Lat‘bne)
881 360 960 395 γρα-

249 406 310 452 φέν
335 406 414 449 458,
435 412 474 438 30

202 463 380 509 ἑκατόμβη
399 463 476 505 533,
495 469 549 497 28.
568 469 622 496 43.
642 470 694 496 61.
712 470 764 496 68.
781 470 833 496 71.
849 470 902 496 75.
917 469 958 496 80

200 521 456 568 ἑκατοντάρχης
477 506 522 563 (ᾗ)
548 520 625 563 678,
641 527 670 554 6.
714 518 961 567 ἑκατοντάρχαι

249 579 327 621 665,
347 584 386 611 23

202 633 447 682 ἑκατονταρχία
474 620 517 677 (13)
542 635 621 678 208,
642 642 658 669 3

202 691 325 738 ἐκγόνη
352 693 430 735 490,
449 698 467 724 4

202 748 352 793 ἔκγονος,
378 748 511 795 ἔκγονοι
536 748 627 794 (ἐγγ.)
645 747 792 792 passim

202 806 439 851 ἐκδανεισμός·
471 805 506 840 αἱ
538 805 624 850 μετὰ
654 805 714 843 τὰς
740 805 873 839 δώδεκα
898 816 961 849 μυ-

249 862 366 909 ριάδας
391 861 491 896 οὖσαι
515 862 550 896 ἐν
576 862 790 908 ἐκδανεισμῷ
820 862 897 905 509,
919 868 959 894 16

202 918 364 965 ἔκδηλος·
396 918 453 954 ἵνα
477 919 578 954 παντὶ
601 919 731 964 ἔκδηλα
763 918 897 966 γίνηται
919 918 962 953 τὰ

248 973 300 1010 ὑπ’
321 976 407 1022 ἐμοῦ
433 975 599 1011 σταθέντα
623 977 701 1019 665,
723 983 762 1009 13

202 1033 388 1078 ἐκδίδωμι·
412 1033 491 1071 τοὺς
515 1032 759 1079 ἐγδεδομένους
782 1032 962 1079 χρησμοὺς

248 1090 288 1125 ἐκ
311 1094 373 1125 τοῦ
397 1086 472 1135 παρ’
494 1088 574 1135 ὑμῖν
593 1090 684 1136 ἱεροῦ
705 1093 766 1123 τοῦ
783 1087 963 1134 Διδυμέως

246 1144 458 1185 Ἀπόλλωνος
474 1147 553 1190 227,
566 1155 596 1180 4.
629 1146 829 1192 ἐγδοθέντος
845 1146 963 1184 αὐτοῖς

246 1208 405 1251 χρησμοῦ
423 1205 502 1247 233,
514 1210 568 1238 24.
603 1203 796 1238 ἐκδότωσαν
814 1203 847 1238 οἱ
863 1202 963 1238 ἀστυ-

247 1261 350 1306 νόμοι
382 1261 467 1306 μετά
495 1264 555 1296 τοῦ
586 1260 856 1307 προαιρουμένου
892 1266 962 1294 τῶν

249 1318 495 1364 βλαπτομένων
521 1319 600 1362 483,
621 1325 659 1351 94

203 1375 390 1415 ἐκδικάζω·
415 1375 453 1410 τὸ
471 1375 686 1420 δικαστήριον
703 1395 749 1399 -
764 1374 835 1413 ταὶς
853 1374 962 1413 δίκαις

247 1432 318 1470 ταὶς
341 1431 438 1470 ἰδίαις
453 1451 501 1458 -
517 1431 713 1478 ἐγδεδίκακε
737 1432 875 1470 παίσαις
901 1434 959 1475 7,3

202 1489 366 1523 ἐκδικέω·
415 1489 584 1536 ἑκατέρων
620 1489 842 1535 ἐγδικούντων
884 1490 961 1532 335,

252 1554 328 1580 110.
370 1545 614 1584 ἐπιστείλαντές
633 1559 689 1591 μοι
710 1545 963 1592 ἐκδικηθήσεθε

250 1604 328 1646 609,
349 1610 388 1637 14

204 1659 356 1698 ἔκδικος·
381 1660 460 1698 τοὺς
473 1657 549 1695 καθ’
566 1659 641 1699 ἔτος
656 1660 812 1699 ἐκδίκους
828 1661 907 1704 458,
920 1668 959 1696 64

204 1716 336 1755 ἕκδοσις
361 1717 510 1760 (locatio)
540 1719 619 1762 483,
638 1727 668 1753 8.
691 1726 740 1752 16.
763 1726 815 1754 18.
835 1726 888 1752 71.
908 1726 961 1753 81.

248 1775 328 1817 484,
349 1781 402 1808 49.
443 1773 595 1813 ἐκδόσεις
619 1775 697 1819 483,
720 1783 780 1810 167

203 1830 384 1877 ἐκδοχεύς·
408 1831 431 1875 ἡ
452 1831 589 1870 σύνοδος
605 1837 672 1866 τῶν
687 1833 721 1866 ἐν
734 1829 963 1879 Ἀλεξανδρείᾳ

250 1888 486 1933 πρεσβυτέρων
504 1889 676 1937 ἐγὸοχέων
705 1891 781 1934 140,
797 1898 827 1927 9.
867 1889 963 1937 ἐγδο-

249 1949 327 1992 χεῖς
350 1945 410 1979 καὶ
433 1945 620 1992 ναύκληροι
652 1947 728 1990 247,
749 1955 778 1981 5.
826 1947 864 1980 τὸ
889 1959 962 1981 κοι-

250 2004 306 2035 νὸν
331 2000 511 2047 Βηρυτίων
538 2002 697 2049 ἐμπόρων
730 2004 788 2038 καὶ
811 2003 962 2048 ναυκλή-

251 2070 318 2104 ρων
342 2058 401 2092 καὶ
425 2059 596 2106 ἐγδοχέων
623 2061 700 2102 591,
721 2068 737 2093 3

204 2114 374 2162 ἐκεχειρία
399 2115 476 2159 233,
493 2122 546 2149 27.
563 2123 614 2150 57.
640 2117 719 2160 319,
738 2125 766 2151 8.
807 2117 868 2154 τὰς
885 2117 962 2165 ἐχε-

246 2171 375 2219 χειρίας
406 2173 485 2215 212,
512 2180 563 2206 15.
618 2173 676 2206 καὶ
712 2172 799 2207 εἶναι
830 2173 962 2220 ἐχεχει-

252 2228 323 2276 ρίας
349 2230 426 2273 309,
447 2237 463 2263 3

204 2286 355 2331 ἔκθεμα·
372 2286 411 2320 τὸ
426 2284 722 2333 ὑπογεγραμμένον
737 2286 868 2333 ἔκθεμα
879 2287 961 2334 πρό-

251 2343 310 2381 θες
336 2342 369 2377 ἐν
396 2341 448 2381 οἷς
471 2341 620 2388 καθήκει
643 2347 703 2377 τοῦ
720 2348 826 2389 νομοῦ
843 2344 960 2382 τόποις

250 2400 329 2442 664,
349 2407 366 2433 4

204 2455 370 2493 ἐκθέωσις
394 2457 448 2499 56,
470 2462 509 2489 52

204 2511 421 2560 ἐκκαθαίρειν
450 2512 530 2550 τοὺς
560 2512 753 2559 ὑπονόμους
786 2515 864 2558 483,
885 2522 961 2549 158.

249 2570 309 2608 τὰς
334 2569 519 2614 δεξαμενάς
551 2570 629 2614 483,
648 2577 726 2605 204,
775 2570 961 2616 ἀναγκαζέ-

249 2638 360 2661 τωσαν
386 2626 430 2670 (οἱ
452 2625 647 2672 ἀστυνόμοι)
679 2627 867 2673 ἐκκαθᾶραι
892 2628 962 2671 (τὰς

251 2683 445 2730 δεξαμενάς)
469 2685 548 2728 483,
569 2691 644 2719 199.
684 2684 778 2723 ὅπως
800 2684 962 2720 ἐκκαθαί-

252 2753 353 2787 ρωσιν
378 2742 414 2776 ἐν
440 2741 541 2788 μησὶν
567 2741 658 2775 ὀκτώ
682 2742 761 2786 483,
781 2748 842 2776 201

204 2798 371 2843 ἐκκλησία
398 2798 554 2843 passtm.
597 2797 654 2832 ἐπὶ
683 2798 744 2833 δύο
778 2797 961 2844 ἐκκλησίας

250 2857 305 2899 47,
325 2863 355 2890 2.
395 2852 471 2889 κατ’
493 2854 675 2901 ἐκκλησίαν
695 2858 727 2899 (i.
745 2866 775 2890 e.
792 2866 960 2900 Μαρτια-

249 2923 316 2956 que
339 2912 513 2955 contione)
539 2913 617 2955 480,
638 2921 667 2946 9.
717 2912 754 2959 ἐγ
777 2912 878 2958 κυρία
903 2910 959 2946 ἐκ·

917 154 1068 187 Indices.

1076 289 1179 336 λησία
1214 291 1246 333 4,
1271 298 1325 325 74.
1349 298 1402 326 75.
1455 290 1638 337 ἐκκλησίας
1671 291 1789 339 κυρίας
1850 296 1858 308 ²

1078 347 1263 395 γενομένης
1282 349 1335 392 55,
1357 356 1386 383 5.
1412 349 1467 392 57,
1482 355 1512 383 2.
1539 349 1594 392 58,
1609 355 1640 383 2.
1665 350 1742 393 727,
1759 357 1789 384 3.

1078 405 1245 451 ἐκκλησία
1279 404 1379 453 κυρία
1413 404 1449 440 ἐν
1486 405 1536 452 τῷ
1567 404 1701 452 θεάτρῳ
1738 404 1789 449 (ἐν

1077 460 1243 507 Ἀθήναις)
1262 463 1338 505 771,
1359 471 1388 497 5.
1427 462 1712 508 ἀποκαταστήσας
1726 463 1789 509 τήν
1852 462 1858 506 ¹3

1077 532 1113 553 τε
1138 520 1303 566 πρότερον
1330 518 1514 566 ἐκκλησίαν
1539 521 1587 567 τῷ
1608 519 1708 566 δήμῳ
1731 521 1791 555 καὶ
1854 527 1858 571 j

1076 576 1156 615 τοὺς
1181 577 1306 622 νόμους
1334 577 1409 621 193,
1430 585 1447 610 5
1853 579 1858 623 {

1033 633 1216 680 ἕκκλητος·
1241 635 1302 673 τὰς
1325 633 1514 679 ἐκκλήτους
1530 633 1627 672 δίκας
1651 635 1729 679 437,
1750 641 1789 669 56

1034 683 1188 738 ἐκκλῄω·
1211 692 1282 729 τοὶς
1308 691 1370 736 μὲν
1393 691 1549 730 πολίταις
1563 691 1793 738 παρελόμενος

1077 748 1120 782 τὰ
1159 748 1250 783 ὅπλα
1290 747 1465 788 ἐξεκλάϊσε
1502 747 1543 782 ἐκ
1576 751 1637 787 τᾶς
1670 747 1791 787 πόλιος
1852 753 1858 772 ¹'

1079 805 1230 850 πανὸάμι
1254 807 1287 846 8,
1307 813 1336 840 7.
1356 813 1386 840 8.
1407 813 1446 839 43

1034 861 1197 897 ἐκκλίνω·
1255 862 1376 897 οὐδένα
1423 862 1577 896 κίνδυνον
1626 861 1790 897 ἐκκλίνων
1847 852 1858 909 ζ’

1079 920 1157 963 443,
1179 926 1218 953 14

1034 976 1224 1021 ἐκκομίζω·
1251 976 1330 1011 ὅταν
1355 976 1605 1021 ἐκκομίσωνται
1628 975 1710 1010 αὐτὸ
1734 977 1793 1011 καὶ

1078 1034 1137 1068 τὸν
1161 1033 1262 1067 τόκον
1296 1033 1329 1068 οἱ
1353 1032 1566 1072 δανείσαντες
1588 1034 1645 1078 46,
1666 1041 1719 1068 15.
1739 1040 1791 1068 16.

1083 1090 1114 1131 (ὁ
1155 1090 1371 1137 δημοσιώνης
1406 1089 1524 1136 πράξει
1557 1091 1614 1133 -)
1655 1090 1794 1136 ἐκκομι-

1081 1146 1220 1185 σθέντος
1245 1149 1322 1192 629,
1341 1154 1382 1182 28
1402 1158 1480 1192 sqq.

1035 1204 1210 1240 ἐκκόπτω·
1243 1204 1322 1239 ὅτου
1352 1204 1392 1239 ἄν
1418 1217 1450 1239 τι
1473 1203 1582 1250 ὄνομα
1605 1197 1630 1252 ᾖ
1654 1205 1792 1249 τούτων,
1840 1202 1843 1203 ’

1080 1262 1318 1296 -ἐκκόπτειν
1344 1260 1513 1297 πάντοθεν
1538 1262 1616 1306 218,
1637 1268 1712 1297 121.
1750 1262 1794 1298 τά
1843 1274 1845 1278 ⁴

1079 1322 1218 1353 τοιαῦτα
1254 1318 1377 1357 ὁλικῶς
1417 1318 1594 1353 ἐκκόπτειν
1631 1320 1708 1363 669,
1738 1326 1792 1355 64.
1836 1345 1839 1348 «

1082 1376 1295 1423 ἐκκόψαντας
1321 1377 1398 1420 218,
1419 1383 1480 1412 122
1846 1417 1850 1420 ,

1035 1432 1198 1468 ἐκλείπω·
1222 1434 1266 1468 τὰ
1282 1433 1526 1480 ἐγλελειμμένα
1543 1433 1652 1468 πάντα
1668 1433 1703 1468 ἐν
1718 1436 1793 1472 τοῖς
1832 1455 1839 1465 ,π

1080 1490 1243 1535 πρότερον
1268 1490 1404 1538 χρόνοις
1428 1491 1483 1535 90,
1504 1498 1543 1525 18

1035 1546 1211 1585 ἔκλεκτος·
1241 1553 1309 1581 τῶν
1335 1547 1508 1582 ἐκλέκτων
1538 1547 1574 1582 ἐν
1598 1543 1720 1595 Ῥώμῃ
1745 1547 1794 1582 δι·
1841 1547 1845 1550 ⁴

1079 1609 1213 1638 καστῶν
1238 1605 1316 1648 499,
1333 1613 1350 1638 3

1035 1661 1189 1707 ἐκλογεῖς
1215 1660 1308 1708 (ἐγλ.)
1335 1661 1469 1705 773,12
1841 1691 1855 1711 ,¹

1034 1717 1235 1765 ἐκλογιστής
1269 1719 1346 1762 669,
1377 1725 1416 1752 36
1448 1717 1554 1764 (ἐγλ.).
1603 1717 1794 1765 ἐκλογισταί

1080 1776 1158 1819 665,
1180 1783 1219 1810 36
1239 1774 1343 1822 (ἐγλ.).
1363 1782 1401 1809 51
1423 1774 1529 1821 (ἐγλ.).
1550 1782 1590 1810 53
1610 1774 1702 1822 (ἐγλ.)

1034 1830 1216 1877 ἐκμηνύω·
1242 1832 1294 1866 ὅτι
1316 1845 1354 1866 τε
1379 1831 1420 1867 ἄν
1445 1831 1619 1878 αἴσθωμαι
1641 1850 1689 1857 —
1710 1830 1791 1866 ὑπε-

1079 1888 1210 1923 ναντίον
1233 1889 1368 1926 τούτοις
1383 1887 1566 1934 λεγόμενον·
1587 1888 1611 1933 ἢ
1630 1887 1791 1935 βουλευό-

1081 1958 1180 1990 μενον
1196 1966 1244 1971 -
1269 1945 1469 1992 ἐγμηνύσειν
1489 1944 1636 1991 (ὄμνυμι)
1655 1946 1731 1989 532,
1747 1951 1787 1979 21
1830 1958 1857 1995 j·

1035 2002 1183 2037 ἔκπαλαι
1207 2003 1286 2045 584,
1306 2010 1323 2035 5

1035 2058 1204 2093 ἐκπίπτω·
1229 2061 1383 2104 στρατιᾶς
1409 2058 1578 2093 ἐκπίπτειν
1604 2060 1681 2103 521,
1701 2065 1720 2093 2
1811 2094 1826 2103 „

1033 2115 1186 2150 ἐκπλέω·
1228 2114 1416 2153 ἐκπλεύσας
1450 2116 1491 2150 ἐκ
1525 2121 1588 2163 τῆς
1618 2112 1791 2161 Ἐρυθρᾶς
1825 2115 1828 2144 J

1079 2171 1254 2219 θαλάσσης
1279 2173 1334 2216 69,
1354 2181 1371 2206 5

1033 2228 1180 2266 ἔκπλους
1208 2231 1259 2273 10,
1281 2236 1332 2264 12.
1360 2230 1438 2273 730,
1457 2236 1498 2264 23

1033 2286 1217 2332 ἐκπορίζω·
1242 2286 1300 2320 καὶ
1326 2285 1361 2321 ἐν
1377 2288 1428 2333 τῷ
1448 2285 1634 2331 ἐκπορίζειν
1650 2286 1791 2333 κεράτια
1808 2307 1821 2334 ,⁴

1078 2342 1138 2377 δύο
1164 2344 1241 2387 521,
1267 2350 1320 2378 27.
1369 2343 1405 2377 ἐν
1434 2342 1483 2388 τῷ
1513 2341 1703 2388 ἐκπορίζειν
1735 2341 1790 2377 ἐν·
1808 2342 1815 2366 ’ῗ

1076 2399 1195 2435 τεῦθεν
1221 2399 1356 2445 ἑτέρους
1373 2399 1512 2447 φόλλεις
1535 2403 1627 2444 τρεῖς
1651 2400 1728 2444 521,
1747 2407 1788 2435 30
1803 2420 1814 2446 j.

1032 2456 1229 2503 ἐκπράσσω·
1264 2460 1383 2491 τοῦτον
1418 2457 1456 2492 τὸ
1493 2455 1685 2491 δεκαπλοῦν
1721 2450 1819 2506 bvij
1847 2463 1851 2466 ’

1078 2513 1237 2559 ἐκπράξω
1262 2513 1301 2548 οὔ
1327 2513 1426 2552 αὐτὸς
1447 2512 1588 2559 ἔπραξεν
1609 2513 1667 2547 τὸν
1683 2512 1821 2559 νομόν·Ζ

1079 2571 1157 2614 665,
1177 2577 1217 2604 29
1807 2574 1810 2575 ’

1033 2627 1222 2672 ἐκπώματα
1246 2628 1324 2671 383,
1346 2634 1407 2662 158

1033 2684 1189 2719 ἐκσπάω·
1215 2681 1296 2730 μηδ’
1325 2684 1452 2718 ἐκσπᾶν
1476 2683 1555 2722 τοὺς
1573 2683 1608 2718 ἐν
1630 2685 1681 2730 τῷ
1707 2682 1807 2730 ἱερᾷ

1077 2741 1312 2786 παστοφόρους
1333 2740 1393 2775 καὶ
1407 2739 1487 2778 τοὺς
1505 2739 1646 2778 δούλους
1671 2740 1749 2783 736,
1767 2746 1786 2772 7

1031 2797 1260 2845 ἐκστρατεύω·
1316 2795 1568 2842 ἐξεστράτευσεν
1622 2794 1670 2833 εἰς
1722 2795 1787 2842 τὴν
1811 2829 1815 2831 .

1076 2853 1181 2890 Ἀσίαν
1199 2856 1253 2898 54,
1272 2861 1302 2888 8.
1336 2853 1575 2901 ἐξστρατεῦσας
1591 2853 1610 2888 ὁ
1628 2851 1786 2898 βασιλεὺς
1814 2843 1819 2849 ι
1854 2896 1857 2897 ⁷

1074 2931 1121 2937 —
1145 2911 1312 2958 ἀνέσῳσεν
1339 2910 1391 2953 (τὰ
1413 2904 1606 2957 ἆγάλματα)
1632 2911 1687 2953 56,
1708 2916 1746 2943 11
