1858 3126
21 179 102 222 1058]
456 179 650 211 Decretum
675 177 720 210 de
743 177 846 211 fastis
870 175 1170 219 provincialibus.
1549 178 1599 216 51

65 328 107 361 15
127 314 258 360 Ἀσίαι
285 317 447 358 πόλεσιν
478 313 618 371 καιρὸν
649 313 755 356 εἶναι
783 317 854 369 τῆς
885 313 942 360 εἰς
971 313 1043 369 τὴν
1075 312 1207 369 ἀρχὴν
1239 313 1410 365 εἰσόδου,
1442 311 1453 367 ἐξ
1483 313 1605 367 δηλο-

133 386 218 428 νότι
245 382 350 427 κατά
381 399 469 427 τινα
499 383 614 426 θείαν
627 385 662 412 ¹²
697 382 886 439 βούλησιν
917 382 1043 429 οὕτως
1072 386 1143 437 τῆς
1173 379 1323 428 τάξεως
1352 396 1607 437 προτετυπω·

136 453 327 510 ‘salv-:23¹2
362 452 431 495 ἵνα
461 452 625 509 ἀφορμὴ
656 453 812 508 γένοιτο
848 455 920 506 τῆς
950 452 1008 498 εἰς
1039 449 1105 492 τὸν
1136 449 1338 506 Σεβαστὸν
1367 453 1498 505 τιμῆς,
1535 449 1605 492 καὶ

135 522 274 579 ἐπειδὴ
306 521 511 578 δόσκοΙλον
549 521 620 576 μέν
651 521 755 563 ἐστιν
786 521 868 567 τοῖς
904 519 1107 567 τοσούτοις
1139 520 1261 562 αὐτοῦ
1292 519 1604 576 εὐεργετήμασιν

134 589 216 635 κατ’
251 590 339 634 ἴσον
375 588 681 648 ε[ὀχαρισ]Ιτεῖν,
719 590 755 632 εἰ
793 589 847 646 μὴ
885 586 976 645 παρ’
1011 589 1162 631 ἕκαστα
1199 590 1485 645 ἐπινοήσαιμεν
1516 588 1608 644 τρό-

135 677 208 704 πον
234 657 326 704 τινᾶ
352 663 424 716 τῆς
451 659 669 716 ἀμείψε[ως
697 658 864 713 καινόν,]
897 658 902 712 Ι
935 658 1073 714 ἥδειον
1106 655 1139 699 δ’
1168 656 1216 699 ἂν
1248 657 1503 713 ἄνθρωποι14
1533 656 1605 713 τὴν

64 741 109 774 20
136 729 272 787 κοινὴν
302 731 423 772 πᾶσιν
459 729 614 785 ἡμέραν
649 728 854 784 γενέθλιον
892 725 1147 783 ἀγά[γοιεν15
1176 725 1188 782 ΙΙ
1217 724 1304 782 ἐ]ο“ιν
1341 727 1609 783 προσγένηται

138 799 272 846 αὐτοῖς
309 797 379 841 καὶ
418 798 501 840 ἰδία
537 814 594 845 τις
630 794 699 839 διὰ
736 796 808 853 τὴν
839 795 971 853 ἀρχὴν
1001 796 1143 852 ἡδονή,
1182 796 1292 838 δοκεῖ
1329 812 1398 851 μοι
1429 794 1434 850 Ι
1466 797 1606 837 πασῶν

135 870 213 910 τῶν
251 868 474 923 πολειτηῶν
515 865 618 909 εἶναι
658 865 750 922 μίαν
788 863 858 907 καὶ
894 864 965 921 τὴν
1006 864 1130 920 αὐτὴν
1171 865 1263 907 νέαν
1276 866 1310 894 ¹⁶
1347 863 1564 920 νουμηνίαν
1599 863 1604 918 Ι

136 936 208 993 τὴν
246 938 316 979 τοῦ
358 934 557 991 θηοτάτου
572 938 604 964 ¹⁷
643 933 850 991 Καίσαρος
890 934 1114 990 γενέθλιον,
1157 933 1338 989 exe-‚imm
1374 950 1416 975 τε
1453 931 1607 980 πάντας

116 1101 157 1133 42
189 1099 247 1132 Sic
271 1099 409 1141 integra
441 1099 530 1131 baec
560 1106 640 1131 esse
665 1098 701 1130 in
725 1095 759 1130 Α
789 1098 942 1130 testatur
966 1096 1165 1129 Anderson.
1213 1094 1314 1137 καῐτά
1337 1095 1423 1137 τιν]α
1448 1093 1537 1138 θήαν
1563 1092 1606 1127 Ρ.

21 1157 75 1190 De
97 1167 121 1201 η
146 1165 215 1199 pro
240 1167 270 1189 ει
294 1155 338 1189 cf.
363 1157 435 1189 not.
455 1158 510 1188 47.
627 1157 669 1187 43
704 1154 807 1192 Quod
839 1154 922 1187 anni
953 1153 1070 1186 civilis
1099 1154 1255 1194 initium,
1287 1152 1394 1194 quale
1424 1153 1495 1185 iam
1528 1154 1608 1184 tum

23 1213 289 1247 observabatur
324 1214 359 1246 in
394 1213 489 1255 Asia,
529 1212 599 1245 fere
637 1213 672 1244 in
710 1213 830 1253 ipsum
862 1211 958 1243 diem
989 1210 1144 1243 natalem
1182 1210 1345 1242 Caesaris
1370 1209 1524 1250 Augusti
1558 1210 1611 1241 in-

23 1270 176 1314 cidebat,
209 1270 247 1304 id
271 1270 313 1303 ad
340 1270 483 1303 divinae
507 1269 758 1312 providentiae
782 1268 986 1309 consilium,
1019 1276 1092 1309 quo
1117 1268 1196 1309 ipse
1220 1275 1331 1309 quem
1356 1266 1501 1299 Paullus
1527 1275 1611 1308 pro-

22 1329 148 1371 posuit
171 1336 288 1361 uovus
311 1327 487 1360 fastorum
512 1326 601 1359 ordo
626 1327 940 1368 praemonstratus
965 1325 1023 1367 sit,
1052 1324 1217 1357 refertur.
1265 1323 1464 1357 Utebantur
1487 1325 1610 1356 autem

22 1387 105 1419 tum
129 1385 234 1418 Asiae
258 1385 424 1418 civitates
448 1385 530 1417 anni
562 1383 687 1417 ordine
712 1393 732 1416 a
756 1382 1013 1416 Macedonibus
1046 1390 1111 1423 per
1144 1389 1289 1414 omnem
1322 1380 1396 1414 fere
1427 1382 1607 1414 orientem

23 1443 236 1486 propagato,
260 1443 324 1484 qui
348 1450 464 1475 annus
489 1441 694 1474 lunisolaris
719 1441 862 1472 initium
880 1434 1046 1482 capiess‘a‘t
1070 1438 1116 1472 ab
1139 1438 1369 1482 aequinoctio
1387 1437 1611 1471 auetumnali

23 1500 152 1542 paucis
176 1499 288 1532 modo
313 1498 442 1532 diebus
466 1498 512 1531 ab
535 1498 689 1540 Augusti
721 1497 777 1529 die
805 1496 914 1530 natali
939 1496 1105 1531 distante.
1153 1495 1387 1528 Memorabile
1420 1504 1508 1528 vero
1543 1496 1609 1536 est,

23 1556 167 1590 divinae
183 1556 380 1590 voluntatis
405 1556 626 1589 mentionem
651 1553 749 1596 (κατά
771 1565 845 1587 τινα
868 1550 964 1587 θείαν
989 1551 1160 1597 βούλησιν)
1185 1552 1231 1586 ab
1260 1552 1457 1595 interprete
1474 1552 1611 1585 Graeco

25 1613 173 1647 demum
198 1614 236 1646 in
259 1614 348 1646 haec
364 1613 476 1647 verba
500 1613 634 1646 illatam
660 1621 751 1655 esse,
777 1620 860 1645 cum
885 1611 1029 1644 Latinae
1054 1610 1231 1653 epistulae
1255 1612 1362 1643 tenor
1387 1610 1471 1651 (not.
1492 1610 1523 1650 9)
1549 1609 1612 1642 ad-

23 1670 192 1704 verbium
214 1668 362 1714 fortuito
386 1670 528 1704 habeat.
648 1671 689 1702 44
723 1667 917 1712 ἀνθρώποις
940 1666 984 1711 ἦν
1010 1668 1213 1701 Mommsen
1230 1667 1475 1700 Wilamowitz
1499 1675 1544 1699 ex
1568 1664 1611 1699 P.

25 1727 95 1763 Sed
123 1734 208 1761 cum
235 1728 469 1761 Andersonus
499 1728 654 1760 testetur
684 1728 720 1759 in
752 1724 787 1759 A
819 1726 941 1768 potius
974 1726 1212 1758 ΝΘΡΩΠΟΙΤ
1241 1733 1332 1767 esse,
1369 1725 1521 1766 apparet
1553 1721 1612 1757 ἄν·

24 1782 158 1830 &pom
185 1784 248 1829 τὴν
281 1785 516 1819 scribendum
544 1793 634 1818 esse.
681 1783 773 1816 Nam
798 1784 866 1816 etsi
890 1792 956 1825 per
980 1791 1019 1816 se
1046 1783 1261 1824 Apamensis
1292 1782 1510 1824 exemplaris
1540 1791 1613 1814 non

25 1843 143 1876 maior
165 1843 363 1876 auctoritas
390 1844 446 1876 est
475 1851 585 1884 quam
611 1841 823 1880 Prienensis,
855 1842 976 1873 tamen
1006 1848 1124 1881 neque
1157 1839 1310 1872 articulo
1341 1838 1458 1871 careri
1488 1839 1613 1880 potest

25 1908 144 1942 neque
166 1898 265 1944 ἥδιον
290 1897 331 1933 ἂν
355 1898 398 1944 ἦν
421 1897 615 1945 ἀνθρώποις
640 1900 765 1941 aptum
791 1900 847 1930 est
872 1898 1081 1939 sententiae,
1106 1898 1191 1939 quia
1213 1897 1303 1929 haec
1326 1896 1503 1928 enuntiati
1528 1904 1613 1928 con-

23 1955 213 1991 dicionalis
244 1957 360 1990 forma
390 1957 638 1999 sumptionem
671 1956 723 1988 rei
761 1955 866 1988 fictae
902 1954 1098 1996 significan
1136 1953 1235 1996 quod
1267 1955 1393 1986 contra
1425 1953 1613 1995 optativus

25 2015 233 2057 potentialis
254 2012 352 2058 ἥδιον
379 2011 419 2048 ἂν
442 2032 489 2038 -
513 2012 670 2059 ἀγάγοιεν
704 2013 841 2055 optime
873 2012 933 2045 hic
962 2020 1001 2045 se
1033 2011 1152 2044 habet.
1278 2013 1320 2043 45
1352 2011 1410 2043 Sic
1439 2009 1612 2052 supplen-

27 2070 116 2105 dum
140 2071 208 2104 fuit
230 2073 383 2114 propter
405 2080 448 2104 ea
472 2079 566 2113 quae
582 2071 735 2116 exposui
760 2071 836 2102 not.
855 2071 909 2102 44.
950 2067 1112 2114 ‹ixa-aen]
1137 2069 1338 2101 Mommsen
1355 2067 1612 2100 Wilamowitz.

28 2130 73 2162 46
105 2129 146 2162 In
168 2129 386 2171 exemplaris
408 2128 623 2171 Apamensis
651 2129 754 2170 parte
778 2128 901 2160 Latina
933 2127 1023 2159 haec
1051 2127 1312 2168 agnoscuntur:
1350 2134 1455 2168 quem
1483 2121 1618 2158 Graeci

27 2194 94 2219 cuo
115 2184 266 2220 nomm
287 2183 386 2219 diem
407 2195 507 2219 neam
537 2182 746 2219 numenian
777 2182 960 2227 appellant
982 2193 1065 2217 eum
1096 2180 1301 2217 clarissimi
1327 2180 1404 2215 viri
1430 2179 1610 2216 Caesaris.

15 2236 275 2279 ‘Mommsenus
305 2244 458 2285 monuit⁷
489 2251 607 2284 neque
639 2242 682 2275 de
714 2242 855 2284 reliquo
886 2243 1032 2283 praeter
1054 2242 1176 2283 ipsum
1210 2241 1294 2273 anni
1317 2240 1462 2272 initium
1488 2238 1614 2272 ordine

28 2299 207 2333 fastorum
232 2301 407 2334 mutando
432 2309 550 2343 neque
574 2300 619 2333 de
645 2285 810 2332 omnium
834 2299 1017 2332 mensium
1041 2299 1155 2332 initiis
1187 2299 1223 2330 iu
1248 2300 1331 2330 ante
1356 2297 1452 2330 diem
1477 2305 1617 2330 nonum

30 2356 198 2390 calendas
228 2358 490 2391 constituendis
520 2359 558 2390 in
587 2357 743 2399 epistula
773 2357 970 2399 quicquam
1002 2357 1082 2399 legi,
1112 2364 1204 2398 quas
1234 2364 1293 2388 res
1323 2356 1446 2387 tamen
1470 2354 1616 2387 decreto

30 2414 241 2456 provinciae
265 2415 450 2447 contineri.
491 2414 559 2447 Sed
582 2415 643 2447 illa
666 2415 704 2447 in
727 2414 857 2447 litteris
873 2413 1050 2456 epistulae
1072 2413 1302 2455 proconsulis
1320 2412 1469 2445 annexis
1493 2411 1617 2453 fuisse,

29 2479 188 2513 ,quarum
213 2471 410 2505 frustulum
434 2473 592 2504 exstaret
623 2473 660 2504 in
689 2471 809 2514 lapide
833 2471 1028 2513 Apamensi
1054 2471 1139 2512 (not.
1157 2470 1224 2513 23),
1255 2479 1341 2503 cum
1371 2470 1408 2502 in
1432 2469 1616 2502 Prienensi

30 2529 190 2562 omissae
212 2531 334 2562 essent
357 2530 443 2571 quia
467 2538 592 2561 earum
618 2530 871 2570 argumentum
900 2529 938 2561 in
961 2528 1105 2561 concilii
1130 2527 1364 2570 provincialis
1389 2526 1535 2559 decreto
1561 2534 1618 2558 re-

32 2584 138 2618 diret.
253 2589 295 2618 47
327 2586 574 2628 perfrequens,
604 2587 647 2618 ut
671 2586 817 2618 omnino
843 2586 902 2618 illa
927 2587 1054 2629 aetate,
1084 2586 1192 2619 etiam
1218 2586 1255 2618 iu
1288 2586 1359 2618 hoc
1382 2584 1490 2617 titulo
1515 2585 1570 2616 est
1594 2595 1616 2627 η

35 2649 102 2685 pro
126 2652 156 2674 ει
186 2644 268 2676 ante
291 2644 439 2676 vocales
464 2644 500 2676 in
533 2643 772 2676 substantivis
800 2642 961 2675 feminini
986 2643 1126 2685 generis
1157 2644 1199 2675 ut
1234 2640 1405 2687 θρησκήα,
1442 2638 1618 2682 πολειτήα,

32 2695 196 2745 ἐπαρχήα
227 2700 272 2741 (v.
290 2703 345 2733 24.
369 2703 423 2733 24.
447 2704 503 2734 26.
527 2703 580 2734 44.
606 2700 670 2743 46),
702 2701 739 2733 in
771 2700 959 2733 adiectivis
988 2709 1191 2743 eorumque
1220 2700 1359 2733 neutris
1389 2697 1618 2731 substantive

37 2755 463 2802 usurpatis-(relnorarov
489 2760 543 2791 33.
582 2754 788 2803 Καισαρήων
814 2761 868 2790 64.
906 2753 1115 2803 Καισαρήοις
1141 2758 1206 2797 67).
1255 2756 1324 2788 Sed
1356 2756 1392 2787 in
1423 2752 1518 2790 θεῖος
1548 2753 1619 2785 hoc

34 2813 154 2846 rarius
177 2822 257 2847 esse
281 2823 391 2856 quam
416 2814 501 2847 alibi
525 2817 807 2848 consentaneum
840 2816 905 2857 est,
936 2816 1022 2856 quia
1051 2816 1131 2857 ipsa
1162 2815 1262 2855 origo
1295 2813 1340 2845 ad
1374 2818 1505 2843 nomen
1537 2806 1618 2844 θεός

38 2869 179 2903 rediens
202 2880 243 2904 ea
278 2872 539 2914 orthographia
568 2873 796 2914 aliquatenus
828 2872 1056 2905 obscuratur.
1097 2871 1157 2903 Vs.
1179 2873 1195 2901 4
1221 2866 1396 2903 θειοτάτου
1423 2867 1489 2907 est,
1520 2873 1556 2897 v.
1575 2866 1618 2896 45

40 2924 246 2969 discrepant
270 2930 486 2970 apographa.
605 2933 646 2962 48
680 2930 833 2962 ΕΚΕΙΝΗ
859 2927 894 2962 Α
919 2927 1052 2973 ἐκείνην
1077 2926 1119 2960 Ρ.

1302 2990 1343 3022 4*
