1858 3126
232 176 316 217 458
416 175 502 208 VIII.
538 175 685 217 Imperii
709 175 862 208 Romani
886 176 1099 217 provinciae
1124 176 1326 209 orientales.
1370 179 1406 209 9.
1431 176 1627 219 Aegyptus.
1690 176 1817 219 [7⁴7—

348 310 413 354 τὸν
453 310 599 354 λάκκον
645 310 768 367 μηνὸς
806 311 935 355 Παϋνὶ
972 309 1036 355 κα’
1050 313 1094 367 1⁵,
1133 311 1230 368 [κ]αὶ
1268 311 1421 368 [μην]ὸς
1460 311 1646 370 Μεχεὶ[ρ]
1684 310 1817 369 (κ)ζ’16

279 390 321 423 15
347 379 391 421 τὸ
425 379 529 437 ἱερὸν
563 379 758 437 ἐποίΠησα.

233 517 343 550 quam
379 508 473 540 inter
505 508 574 540 hoc
607 509 643 540 et
675 516 807 540 nomen
837 508 933 541 tauri
964 508 1057 540 sacri
1082 504 1211 545 Μνεῦις
1235 508 1294 540 vel
1317 505 1456 552 Μνῆυις
1481 508 1525 551 (u.
1545 508 1635 551 5521)
1667 509 1819 542 interce-

232 565 316 597 dere
342 564 513 598 observat
537 565 725 607 Letronne,
751 565 842 598 tanti
866 574 945 598 esse
969 565 1115 598 videtur
1138 566 1180 597 ut
1198 574 1285 607 prae
1309 574 1352 598 ea
1375 566 1572 609 apographi
1596 566 1667 599 fide
1683 567 1818 608 dignis-

233 623 316 655 simi
342 622 596 655 auctoritatem
623 623 865 664 neglegamus.
913 622 958 655 At
982 623 1081 664 quod
1105 623 1259 664 simplex
1284 620 1396 666 ὤρυξα
1419 623 1544 665 posuit
1559 623 1670 656 Franz
1694 623 1820 656 rectis-

231 681 323 713 sime
347 680 441 713 fecit.
486 680 612 723 Neque
637 681 733 713 enim
760 678 908 726 ἐνώρυξα
932 689 1089 722 usquam
1114 681 1288 713 traditum
1315 682 1379 723 est,
1405 681 1703 723 quandoquidem
1731 681 1819 714 Wil-

232 737 376 770 kinsoni
401 737 609 779 exemplum
635 746 721 770 sane
748 738 807 770 ΕΝ
833 737 954 779 habet,
979 746 1097 779 neque
1121 747 1209 770 vero
1236 740 1338 779 post
1368 738 1409 770 el
1436 738 1729 771 terminationem
1755 747 1818 770 no-

232 794 341 826 minis
362 795 527 836 proxime
553 794 762 836 superioris‚
788 794 852 826 sed
877 803 958 836 pro
983 803 1035 827 ea.
1083 794 1183 827 Adde
1201 794 1300 836 quod
1319 792 1505 840 ἐνορύττειν
1524 795 1710 828 notionem
1734 795 1819 828 huic

232 851 312 884 loco
337 847 650 883 accommodatam
675 851 810 884 habere
841 860 911 883 non
945 851 1099 884 videtur.
1219 854 1260 884 45
1293 851 1416 893 Payni,
1451 851 1614 885 decimus
1645 853 1729 885 anni
1753 852 1819 884 Ae-

232 909 443 950 gyptiorum
477 909 622 951 mensis,
653 911 732 941 tum
764 908 960 950 incipiebat
985 918 1005 942 a
1030 909 1087 941 die
1113 911 1168 941 26.
1194 918 1241 941 m.
1265 908 1358 941 Maii.
1408 909 1571 942 Cisterna
1601 910 1711 951 igitur
1739 917 1820 952 per-

231 965 324 998 fecta
349 967 426 998 erat
451 965 508 998 die
543 968 595 998 45.
622 975 669 998 m.
688 966 793 1007 Iunii,
826 965 1020 998 delubrum
1045 966 1103 998 die
1128 969 1182 998 20.
1202 975 1250 998 m.
1267 965 1453 998 Februarii
1477 967 1701 1008 insequentis
1726 967 1820 999 anni.

231 1022 323 1055 Nam
341 1023 372 1054 si
389 1022 486 1055 idem
504 1031 620 1055 annus
645 1023 923 1064 intellegeretur,
950 1023 1016 1055 hae
1041 1023 1134 1055 duae
1160 1031 1217 1055 res
1242 1023 1387 1056 inverso
1414 1022 1540 1056 ordine
1563 1031 1819 1056 enumeraren-

232 1081 303 1112 tur.
425 1083 464 1111 46
498 1079 546 1112 Cf.
573 1082 646 1112 not.
666 1083 696 1112 3.
747 1081 804 1112 ΝΖ
836 1078 976 1112 L'Hote.
1025 1081 1083 1113 ΧΖ
1110 1079 1322 1112 Wilkinson.
1372 1079 1557 1113 Cailliaud.
1606 1080 1822 1113 Emendavit

233 1137 424 1169 Letronne.

323 1305 410 1351 718
452 1309 720 1348 Alexandriae
749 1310 791 1348 in
817 1310 906 1348 basi
937 1311 1146 1348 columnae
1175 1310 1320 1361 lapidis
1348 1309 1532 1360 grauitae
1558 1309 1684 1362 rubri,
1716 1320 1820 1361 quae

231 1379 351 1429 volgo
394 1379 580 1417 columna
617 1378 787 1430 Pompei
823 1379 1062 1430 appellatur.
1120 1379 1220 1417 Post
1253 1377 1498 1417 Pocockium
1534 1378 1670 1417 Descr.
1703 1377 1770 1417 Or.
1804 1378 1822 1416 I

231 1459 271 1498 p.
297 1447 320 1485 8
351 1448 583 1498 multosque
604 1447 703 1485 alios
725 1447 785 1485 ed.
809 1447 842 1485 J.
861 1447 992 1485 Franz
1015 1446 1054 1485 C.
1070 1446 1097 1485 Ι.
1112 1445 1157 1485 G.
1183 1446 1307 1485 4684.
1349 1446 1472 1485 Bailie
1493 1446 1605 1485 Fasc.
1627 1447 1751 1485 Inscr.
1769 1446 1823 1484 III

231 1527 271 1567 p.
298 1515 377 1553 450
412 1514 554 1566 (Franz
577 1513 617 1554 C.
641 1515 669 1553 I.
695 1514 739 1554 G.
763 1515 815 1552 III
835 1515 1032 1554 Addenda
1052 1527 1092 1567 p.
1119 1512 1256 1566 4486).
1309 1513 1499 1554 Omnium
1520 1515 1822 1554 accuratissime

233 1583 278 1623 G.
301 1584 410 1622 Botti
440 1584 613 1622 Fouilles
645 1583 669 1621 a
698 1584 737 1621 la
768 1585 937 1623 colonne
959 1583 1252 1623 Theodosieme
1281 1595 1322 1635 p.
1349 1583 1400 1623 45
1417 1595 1505 1635 sqq.
1539 1581 1753 1636 (Seymour
1772 1583 1823 1622 de

232 1653 342 1691 Ricci
370 1651 521 1690 Archiv
551 1651 617 1690 fiir
647 1652 1060 1703 Papyrusforschung
1089 1653 1124 1690 II
1153 1664 1192 1704 p.
1225 1652 1297 1690 454
1338 1664 1376 1691 n.
1401 1650 1482 1702 92).
1545 1651 1602 1691 Cf.
1636 1663 1742 1704 quae
1772 1652 1824 1691 de

230 1721 347 1760 titulo
379 1720 692 1772 disputaverunt
721 1720 765 1758 A.
788 1732 828 1759 v.
853 1719 1094 1759 Gutschmid
1114 1721 1167 1759 ad
1188 1720 1352 1772 Sharpii
1378 1719 1472 1760 hist.
1494 1719 1590 1771 Aeg.
1613 1720 1649 1758 Π
1676 1732 1716 1772 p.
1739 1717 1820 1759 497

233 1792 316 1828 not.
341 1789 380 1828 2.
435 1788 479 1827 G.
504 1788 743 1839 Lumbroso,
776 1785 956 1839 L'Egitto
988 1788 1052 1827 dei
1083 1787 1198 1827 Greci
1229 1800 1250 1827 e
1281 1789 1344 1827 dei
1365 1788 1537 1828 Romani
1565 1800 1605 1840 p.
1625 1787 1707 1828 225
1731 1799 1819 1840 sqq.

230 1858 265 1896 J.
289 1858 333 1896 P.
357 1855 536 1908 Mahaffy
572 1856 826 1896 Athenaeum
863 1855 930 1896 27.
958 1856 1073 1895 Febr.
1107 1854 1216 1894 4897
1257 1868 1296 1908 p.
1330 1857 1426 1895 285.
1487 1856 1738 1908 Cosmopolis
1768 1855 1821 1894 VI

234 1924 375 1978 (4897)
405 1939 445 1978 p.
471 1926 523 1965 39
542 1938 629 1977 sqq.
681 1927 744 1964 W.
767 1926 816 1964 M.
840 1925 1023 1964 Flinders
1042 1925 1175 1963 Petrie
1205 1924 1459 1963 Athenaeum
1483 1925 1549 1963 40.
1572 1924 1685 1976 April
1709 1921 1819 1963 4897

232 2006 272 2045 p.
298 1994 378 2032 485
398 2006 458 2045 sq.
510 1994 557 2033 U.
576 1993 756 2032 Wilcken
786 1993 938 2032 Archiv
967 1993 1035 2032 fiir
1063 1992 1475 2044 Papyrusforschung
1505 1992 1540 2030 II
1569 2004 1609 2044 p.
1636 1992 1730 2031 ⁴35.

352 2103 428 2146 Τὸν
461 2105 736 2159 [ὁσ]ιώτατον1
758 2103 1044 2160 αὐτοκράτορα,
1080 2104 1084 2160 Ι
1115 2103 1181 2145 τὸν
1210 2106 1426 2160 πολιοῦχον
1442 2101 1776 2160 Ἀλεξανδρείας2,
1809 2103 1816 2159 Ι

351 2174 676 2228 Διοκλητιανόνῧ,
708 2173 773 2215 τὸν
807 2174 1004 2229 ἀνίκητον,
1039 2172 1043 2228 1
1078 2172 1346 2228 Ποσ[είδι]ος4
1370 2172 1548 2230 ἔπαρχος
1574 2171 1777 2230 Αἰγύπτου
1809 2170 1816 2228 Ι

328 2359 483 2390 Litterae
517 2358 692 2391 ΕΞΠΟω.
824 2360 836 2388 4
874 2358 1252 2390 ΤΟΝ...ωΤΑΤΟΝ
1288 2357 1461 2399 pleraque
1491 2356 1710 2399 apographa,
1749 2355 1817 2388 nisi

234 2415 334 2456 quod
359 2416 507 2447 lacunae
532 2414 710 2448 ambitum
744 2423 814 2446 non
841 2415 961 2446 omnia
986 2414 1141 2446 eundem
1167 2414 1328 2447 indicant
1358 2415 1395 2446 et
1426 2414 1583 2447 litteram
1615 2413 1761 2446 tertiam
1787 2413 1814 2445 Ν
1837 2403 1842 2415 ³

235 2473 405 2505 nonnulla
430 2473 613 2504 omittunt.
662 2472 908 2513 Reliquorum,
935 2473 1128 2514 praecipue
1149 2472 1325 2513 Pocockii,
1349 2479 1492 2504 errores
1517 2472 1667 2504 enotare
1691 2469 1835 2512 inutile:

236 2531 301 2562 est.
406 2532 424 2560 2
455 2529 556 2562 Anno
584 2532 648 2561 302
674 2538 707 2570 p.
727 2529 807 2561 Chr.
833 2529 1093 2561 Alexandrinos
1119 2529 1270 2561 rebelles
1295 2529 1437 2562 domuit
1460 2529 1496 2560 et
1521 2527 1711 2570 castigavit
1733 2527 1836 2559 Dio-⁴

235 2587 410 2619 clettanus
435 2588 493 2628 (10.
511 2586 656 2619 Malalae
679 2587 855 2619 Chronica
880 2595 913 2628 p.
934 2589 998 2619 308
1016 2587 1070 2619 ed.
1086 2586 1219 2628 Bonn.),
1246 2586 1373 2618 deinde
1390 2594 1479 2617 vero
1506 2594 1597 2627 pane
1621 2579 1827 2617 distributo’

234 2645 448 2677 clementem
485 2653 524 2676 se
560 2645 611 2676 eis
637 2643 806 2685 praebuit
841 2643 980 2683 (Chron.
1007 2644 1130 2676 Pasch.
1156 2653 1236 2676 ann.
1265 2645 1340 2674 302.
1389 2642 1538 2683 Procop.
1571 2641 1660 2674 Hist.
1697 2649 1827 2673 arcam

235 2711 264 2734 c.
285 2704 327 2734 26
356 2710 387 2743 p.
409 2703 472 2733 449
498 2701 552 2733 ed.
574 2701 708 2742 Bonn.).
759 2701 872 2733 Huius
904 2701 1068 2733 beneficii
1099 2709 1208 2733 causa
1240 2701 1319 2732 tum
1351 2697 1537 2744 πολιοῦχος
1569 2694 1858 2742 Ἀλεξανδρείαςΐ,.

236 2759 438 2801 appellatus
463 2760 519 2792 est
543 2759 588 2791 ad
613 2759 821 2800 exemplum
840 2758 1005 2800 deorum,
1032 2760 1067 2790 in
1091 2767 1250 2800 quorum
1267 2756 1379 2789 tutela
1403 2756 1513 2788 urbes
1537 2764 1616 2788 esse
1633 2750 1836 2788 existima-‘7
1856 2747 1858 2786 ζ

234 2816 377 2849 bantur.
419 2817 540 2848 Franz.
589 2816 756 2849 Ceterum
797 2816 841 2848 de
879 2816 1141 2849 ΠΟΛΙΟΥΧΟΝ
1183 2814 1256 2847 fere
1288 2822 1413 2846 omnes
1438 2813 1679 2854 consentiunt,
1718 2812 1828 2844 unuss.
1854 2827 1858 2844 ι

236 2874 406 2906 Hammer
422 2874 574 2915 Topogr.
593 2874 787 2906 Ansichten
812 2882 846 2915 p.
867 2875 931 2905 486
960 2873 1220 2905 ΠΟΛΙΑΡΧΟΝ
1238 2870 1384 2904 exhibet
1404 2879 1607 2912 perperam.
1701 2871 1719 2900 3
1746 2869 1825 2900 Im*

235 2932 381 2972 perator
406 2940 436 2963 a.
463 2933 643 2963 284-305
670 2940 705 2973 p.
724 2931 805 2963 Chr.
925 2931 941 2961 4
974 2930 1037 2962 Hic
1062 2929 1252 2962 discedunt
1276 2928 1495 2970 apographa,
1521 2930 1562 2961 ut
1579 2926 1748 2960 nonnulla
1765 2925 1827 2973 Ιε-Δ
1853 2973 1858 2986 Ι
