1858 3126
193 144 276 186 700

190 279 487 325 προσεισπροίσσω·
535 279 817 326 προσεισέπραξεν
858 279 948 316 ἄλλα

235 335 385 371 τάλαντα
408 336 619 383 πεντήκοντα
643 338 722 381 335,
741 344 803 372 134

191 393 438 437 προσεπινοέω·
463 393 501 428 τὸ
517 393 570 428 ἀεὶ
588 393 701 440 μέλειν
720 405 774 429 σοι
788 406 948 442 προσεπι-

237 453 327 485 νοεῖν
350 462 383 484 τι
405 452 484 495 475,
504 459 520 486 8

191 507 444 555 προσέρχομαι·
462 512 535 547 τοῖς
553 508 775 555 βουλομένοις
788 507 949 547 ἑκουσίως

238 564 488 613 προσέρχεσθαι
512 566 658 610 669,14,
699 565 739 601 ἐκ
762 569 823 611 τῆς
848 577 951 612 προσ-

239 622 319 657 όδου
354 627 418 669 τῆς
453 623 535 669 πρὸς
573 622 714 662 ἑαυτοὺς
744 622 949 670 προσιούσης

238 680 316 724 773,
339 686 391 714 12.
413 686 452 713 15

191 737 366 783 προσευχὴ
383 735 595 779 (oratorium
608 736 837 779 Iudaeorum)
853 738 908 781 96,
919 744 948 771 6.

240 794 316 837 101,
337 801 366 828 ⁶.
394 794 470 837 129,
492 802 521 828 5.
541 786 571 828 ε’).
597 795 673 837 726,
694 802 723 828 7.
751 795 828 837 742,
850 803 866 827 5

190 850 382 896 προσηνής·
419 849 475 884 ἐπὶ
497 851 547 896 τῷ
569 855 724 897 προσηνῆ
749 849 950 897 γεγενῆσθαι

237 906 342 953 αὐτὴν
367 907 439 952 (τὴν
468 906 600 952 ἱέρειαν)
625 908 667 955 τῇ
693 906 756 952 θεᾷ
781 908 859 951 299,
881 914 918 940 11

190 961 467 1010 προσκαθοσιόω·
493 963 788 1011 προσκαθωσίωσα
811 965 888 1007 383,
906 971 943 998 91

189 1021 408 1068 πρόσκαιρος·
441 1020 571 1065 μᾶλλον
595 1020 658 1066 τὴν
681 1025 749 1055 τῶν
774 1020 949 1066 προτέρων

238 1076 397 1124 ἐπάρχων
415 1077 552 1112 αἰώνιον
570 1076 749 1123 συνήθειαν
766 1076 948 1123 φυλάσσων

236 1133 259 1179 ἢ
284 1134 346 1180 τὴν
370 1134 576 1180 πρόσκαιρόν
599 1147 690 1173 τινος
714 1133 846 1169 ἀδικίαν
873 1146 949 1179 μει-

239 1191 435 1238 μησοίμενος
461 1193 540 1235 669,
562 1199 601 1226 14

191 1249 466 1295 προσκαρτερέω·
507 1249 804 1296 προσκαρτερήσας
839 1249 949 1283 πάντα

236 1307 292 1340 τὸν
316 1311 379 1351 τῆς
404 1305 578 1351 στρατείας
601 1306 726 1354 χρόνον
755 1306 949 1352 φιλοπόνως

235 1363 294 1397 καὶ
320 1362 565 1409 φιλοκινδύνως
596 1363 673 1406 553,
693 1371 722 1397 5.
772 1362 948 1409 ἱεροθεσίῳ

202 1446 206 1450 .
235 1419 344 1465 τούτῳ
361 1419 654 1466 προσκαρτερείτω
671 1420 749 1463 383,
766 1426 842 1454 130.
873 1423 948 1458 ταῖς

201 1502 205 1505 -
236 1496 282 1501 -
305 1476 456 1514 συνόδοις
481 1475 627 1511 ἐνταῦθα
658 1476 948 1522 προσκαρτερείτω

236 1534 313 1577 383,
335 1540 396 1568 168

189 1590 497 1637 προσκατατοίσσω·
527 1590 605 1628 τοὺς
629 1601 948 1637 προσκαταταγησο-

238 1647 360 1693 μένους
386 1649 440 1691 56,
460 1653 498 1680 27

190 1705 396 1752 προσκήνιον
423 1705 499 1748 510,
517 1713 533 1738 5

189 1761 436 1807 προσκληρόω·
465 1759 645 1800 Σελευκεῖς
666 1761 746 1800 τοὺς
771 1761 806 1796 ἐν
831 1760 950 1807 Πιερίᾳ

237 1838 279 1844 -
314 1818 348 1859 ἐξ
384 1818 495 1866 ἀρχῆς
533 1819 594 1863 μὲν
630 1819 680 1864 τῷ
715 1819 816 1864 πατρὶ
847 1818 948 1864 ἡμῶν

235 1874 565 1923 προσκληρωθέντας
590 1876 669 1920 257,
690 1884 707 1909 5

191 1932 416 1979 πρόσκλησις·
443 1932 529 1969 ἔστω
555 1932 593 1967 δὲ
616 1932 693 1979 περὶ
710 1933 772 1978 μὲν
793 1938 861 1967 τῶν
877 1945 948 1967 κοι-

235 1995 303 2023 νῶν
327 1989 452 2036 τοίχων
477 1988 563 2036 ὑπὲρ
585 1994 646 2025 τοῦ
663 1990 950 2037 καταφθείροντος

235 2046 443 2092 πρόσκλησις
491 2047 574 2091 πρὸς
621 2046 699 2085 τοὺς
739 2046 949 2091 ἀστυνόμους

206 2130 210 2133 ,
236 2103 398 2145 483,118

191 2159 406 2204 προσκυνέω·
456 2164 654 2206 προσκυνῶν
696 2159 754 2193 τὸν
797 2158 948 2207 Σάραπιν

239 2216 316 2260 758,
337 2224 366 2250 1.
409 2216 503 2254 ὅπως
529 2215 578 2258 (τὸ
603 2215 751 2263 ἄγαλμα)
778 2214 841 2251 ὑπὸ
866 2216 950 2251 πάν-

235 2285 303 2307 των
341 2273 516 2318 ὁρώμενον
551 2275 689 2318 τιμᾶται
719 2273 778 2307 καὶ
802 2284 949 2318 προσκυ-

234 2334 333 2375 νῆται
350 2331 406 2374 56,
418 2337 472 2365 61.
512 2329 621 2376 ἦλθον
638 2330 695 2364 καὶ
713 2330 950 2376 προσεκύνησα

237 2388 315 2430 695,
334 2393 363 2420 2.
417 2387 656 2432 προσεκύνησα
694 2387 751 2421 τὸν
794 2387 948 2434 μέγιστον

231 2441 369 2489 εἙρμῆν
395 2444 515 2487 202,6.
542 2445 662 2488 204,4.
689 2445 808 2487 208,5.
847 2454 949 2489 προσ-

236 2500 387 2545 κυνήσας
411 2500 466 2534 τὸν
478 2494 600 2534 Ἵ-Ιλιον
612 2495 776 2547 Ἅρμαχιν
802 2501 879 2543 666,
896 2506 949 2534 24.

239 2556 500 2604 προσκεκύνηκα
538 2557 600 2602 τὴν
644 2557 814 2604 (μεγίστην
855 2556 948 2599 θεὰν)

236 2613 355 2660 κυρίαν
374 2611 567 2658 (Σώτειραν)
579 2609 662 2648 Ἶσιν
686 2615 763 2657 184,
776 2623 805 2649 5.
831 2614 950 2657 196,2.

237 2671 299 2716 τὴν
333 2670 426 2706 θείαν
462 2669 668 2717 ἀντιγραφὴν
711 2670 776 2706 ὑπὸ
814 2670 949 2707 πάντων

238 2727 537 2775 προσκυνουμένην
562 2728 641 2771 262,
659 2735 699 2763 28

193 2785 418 2832 προσκύνημα
460 2786 535 2828 180,
564 2794 593 2820 3.
637 2786 713 2829 184,
738 2793 767 2820 8.
818 2785 894 2828 185,
921 2791 950 2818 6.

241 2843 317 2885 186,
338 2850 368 2876 7.
408 2842 484 2885 188,
505 2850 534 2876 5.
573 2842 649 2886 189,
675 2850 705 2876 5.
744 2842 819 2885 190,
839 2849 868 2876 3.
899 2848 950 2876 11.

242 2899 317 2942 191,
346 2907 375 2933 5.
417 2899 495 2942 203,
521 2905 551 2933 2.
592 2899 669 2942 204,
692 2906 720 2933 1.
745 2907 774 2934 6.
817 2899 893 2941 207,
920 2906 948 2932 3.

906 144 1056 178 Indices.

1066 282 1143 325 209,
1162 288 1192 316 2.
1230 283 1308 327 660,
1327 290 1380 318 14.
1399 289 1452 318 20.
1480 284 1564 328 676,
1583 291 1614 319 1.
1647 285 1724 329 695,
1744 292 1774 319 3.

1067 339 1143 381 759,
1167 347 1181 373 1

1019 395 1250 441 προσκυνηταί
1274 397 1350 440 262,
1370 403 1408 431 21

1019 451 1217 498 προσκύρω·
1253 453 1292 488 τὸ
1330 452 1417 499 ἱερὸν
1447 457 1508 488 τοῦ
1540 452 1687 493 Λέοντος
1716 455 1776 489 καὶ

1064 506 1174 543 τᾶλλα
1189 510 1231 544 τὰ
1255 510 1488 557 προσκύροντα
1503 512 1552 558 τῷ
1569 511 1647 558 ἱερῷ
1667 512 1744 556 732,
1756 520 1772 547 8

1020 566 1254 613 προσμερίζω“
1277 566 1300 601 ἄ
1321 567 1360 601 τέ
1374 579 1448 602 τινα
1472 567 1607 604 ἔπαθλα
1621 588 1668 594 -
1682 571 1775 613 τρεῖς

1066 622 1184 670 ἄνδρες
1215 643 1262 649 -
1294 622 1506 671 Πλαρασεῦσι
1537 625 1595 660 καὶ
1625 623 1775 673 Ἀφροδι-
1828 655 1829 658 ,

1067 684 1171 714 σιεῦσι
1229 681 1472 727 προσεμέρισαν
1535 686 1775 728 προσμεριοῦσι
1822 728 1823 732 γ

1065 738 1144 781 453,
1167 745 1204 772 15

1020 794 1254 839 προσνομίζω·
1279 799 1346 830 τῶν
1365 794 1503 842 ὕστερον
1519 795 1776 842 προσνομισθει-
1826 820 1830 851 3

1067 856 1134 884 σῶν
1160 850 1345 898 ἐπάγεσθαι
1371 853 1470 887 πέντε
1493 851 1633 899 ἡμερῶν
1659 853 1714 897 56,
1733 861 1773 888 43

1020 908 1222 952 προσοδικός
1233 918 1240 927 ·
1266 909 1342 955 περὶ
1357 914 1426 943 τῶν
1443 908 1603 945 ἀτελειῶν
1619 909 1677 944 καὶ
1694 921 1775 944 κου·
1834 904 1840 920 '¹

1066 964 1264 1010 φοτελειῶν,
1289 965 1325 1000 ἐν
1349 965 1405 1004 αἷς
1420 966 1506 1005 ἐστιν
1529 966 1590 1001 καὶ
1609 966 1654 1000 τὰ
1671 978 1775 1013 προσ-

1066 1020 1165 1055 οδικά
1189 1022 1266 1066 669,
1286 1028 1326 1055 26

1018 1077 1186 1122 πρόσοδος
1221 1079 1251 1112 1.
1274 1077 1428 1117 reditus:
1463 1079 1541 1123 213,
1560 1085 1614 1114 21.
1646 1080 1725 1123 262,
1744 1088 1774 1114 9.

1066 1135 1144 1177 326,
1172 1141 1225 1169 25.
1267 1136 1345 1179 339,
1376 1143 1430 1170 45.
1470 1137 1548 1180 383,
1581 1144 1657 1171 199.
1698 1137 1775 1180 595,
1843 1154 1845 1156 ·

1068 1197 1120 1225 16.
1142 1198 1194 1225 30.
1221 1193 1432 1236 773‚12.15.
1473 1191 1775 1242 σώζεσθαιτῇπό-
1835 1198 1838 1202 ·

1064 1247 1115 1282 λει
1145 1249 1208 1295 τὴν
1241 1248 1281 1283 ἐκ
1310 1252 1370 1283 τοῦ
1401 1249 1572 1296 κολλύβου
1609 1250 1788 1296 πρόσοδον.

1065 1305 1144 1349 484,
1174 1313 1226 1340 19.
1277 1305 1438 1351 πρόσοδοι
1474 1307 1529 1350 59,
1557 1313 1609 1343 12.
1646 1308 1701 1351 90,
1722 1315 1774 1342 11.

1069 1368 1185 1396 1214.
1203 1363 1322 1406 225,6.
1346 1363 1486 1407 229,32.
1499 1371 1615 1399 58.50.
1633 1364 1773 1408 352,29.

1068 1419 1144 1462 383,
1161 1426 1214 1454 67.
1234 1426 1309 1454 140.
1334 1420 1502 1463 441,1o4.
1526 1421 1671 1464 455,14.
1693 1422 1774 1465 483,

1067 1483 1143 1511 219.
1175 1477 1252 1520 572,
1275 1484 1326 1510 11.
1360 1478 1436 1521 707,
1457 1485 1487 1512 9.
1520 1477 1598 1522 763,
1618 1485 1671 1512 53.
1711 1477 1775 1513 οὐκ
1837 1494 1839 1498 ·

1066 1533 1163 1580 ὀλίγα
1187 1533 1225 1567 δὲ
1251 1538 1319 1567 τῶν
1350 1533 1528 1579 προσόδων
1559 1533 1774 1582 ὑπεριδόντες

1066 1591 1120 1634 56,
1141 1597 1194 1624 16.
1216 1597 1267 1625 17.
1314 1588 1348 1629 ἐξ
1374 1590 1472 1637 ἱερῶν
1503 1591 1562 1626 καὶ
1591 1591 1774 1627 πολιτικῶν

1065 1647 1243 1693 προσόδων
1261 1647 1339 1690 332,
1357 1654 1411 1681 41.
1451 1647 1512 1686 τάς
1528 1660 1565 1683 τε
1579 1648 1698 1687 κοινὰς
1711 1653 1774 1693 τῆς

1065 1704 1198 1742 πόλεως
1209 1703 1269 1744 καὶ
1279 1703 1340 1743 τὰς
1355 1704 1446 1750 ἱερὰς
1454 1705 1640 1752 προσόδους
1652 1706 1731 1750 267,
1742 1712 1772 1740 6.

1066 1760 1107 1795 ἐκ
1129 1766 1196 1796 τῶν
1223 1761 1322 1806 ἱερῶν
1339 1761 1517 1808 προσόδων
1533 1763 1652 1805 56,“Η.
1685 1762 1774 1798 κατὰ

1064 1817 1166 1864 λόγον
1207 1823 1274 1852 τῶν
1307 1818 1405 1865 ἱερῶν
1435 1817 1613 1865 προσόδων
1646 1819 1701 1864 56,
1720 1825 1773 1854 72.

1065 1880 1132 1910 τῶν
1149 1874 1357 1920 ἀμετοίστων
1373 1875 1550 1920 προσόδων
1568 1876 1646 1919 332,
1660 1882 1712 1910 19.
1727 1895 1775 1900 -

1067 1932 1084 1966 ὁ
1133 1932 1189 1966 ἐπὶ
1234 1937 1302 1966 τῶν
1347 1931 1523 1977 προσόδων
1563 1932 1641 1975 238,
1660 1939 1690 1966 ⁶.
1754 1931 1772 1966 ὁ

1066 1989 1121 2023 ἐπὶ
1158 1994 1225 2023 τῶν
1265 1987 1440 2033 προσόδων
1478 1991 1538 2022 τοῦ
1577 1985 1774 2034 Ἀρσινοΐτου

1067 2045 1143 2088 179,
1157 2054 1184 2078 5.
1216 2047 1276 2079 τοῦ
1298 2044 1375 2089 περὶ
1392 2042 1509 2090 Θήβας
1534 2045 1649 2088 194,4.
1683 2045 1701 2080 ὁ
1718 2044 1774 2079 ἐπὶ
1834 2041 1858 2089 ξ

1063 2107 1132 2135 τῶν
1170 2101 1268 2146 ἱερῶν
1299 2100 1475 2146 προσόδων
1509 2100 1556 2144 (ἐν
1589 2099 1772 2148 Περγάμῳ)

1064 2159 1245 2202 483,166.
1284 2176 1330 2182 —-
1369 2158 1401 2192 2.
1438 2157 1571 2201 aditus,
1595 2167 1771 2194 accessus:

1066 2215 1154 2251 εἶναι
1177 2214 1215 2248 δὲ
1240 2214 1356 2253 αὐτοῖς
1371 2234 1419 2240 -
1432 2214 1492 2249 καὶ
1506 2215 1671 2261 πρόσοδον
1689 2215 1773 2260 πρὸς
1831 2232 1833 2235 v

1064 2271 1126 2316 τὴν
1160 2271 1287 2316 βουλὴν
1319 2273 1377 2306 καὶ
1404 2271 1462 2306 τὸν
1493 2271 1602 2317 δῆμον
1626 2272 1773 2318 πρώτοις
1823 2311 1826 2313 Α

1067 2328 1152 2374 μετὰ
1174 2328 1216 2362 τὰ
1242 2328 1316 2374 ἱερά
1340 2329 1396 2371 81,
1411 2335 1463 2367 10.
1490 2329 1567 2372 730,
1581 2334 1635 2363 25.
1661 2329 1739 2371 773,
1753 2335 1770 2362 ο

1020 2385 1226 2432 προσοικέω·
1253 2385 1312 2420 ἐὰν
1338 2385 1375 2420 δὲ
1392 2384 1410 2419 ὁ
1428 2385 1490 2430 μὲν
1507 2385 1675 2432 προσοικῇ
1691 2385 1773 2431 πρὸς

1064 2442 1113 2489 τῷ
1144 2442 1261 2490 τοίχῳ,
1302 2441 1320 2477 ὁ
1361 2442 1398 2477 δὲ
1447 2441 1602 2488 ὑπαίθρῳ
1649 2444 1775 2488 χρῆται

1065 2500 1144 2543 483,
1165 2507 1241 2535 105.
1281 2499 1298 2535 ὁ
1325 2499 1387 2544 μὲν
1403 2504 1594 2546 προσοικῶν
1617 2499 1770 2542 483,107
1811 2520 1823 2540 5

1020 2556 1250 2602 προσόμνυμι·
1274 2555 1502 2604 προσομνύναι
1525 2557 1559 2600 5,
1577 2561 1618 2590 62

1020 2613 1284 2659 προσονομάζω·
1309 2613 1423 2648 εἰκόνα
1436 2630 1496 2655 -,
1517 2611 1542 2658 ἣ
1561 2622 1774 2658 προσονομα·
1816 2639 1818 2641 .

1068 2669 1228 2715 σθήσεται
1251 2669 1464 2715 Πτολεμαίου
1494 2671 1554 2704 τοῦ
1584 2666 1775 2714 ἐπαμύναν·
1816 2691 1820 2705 ·,

1065 2739 1122 2765 τος
1145 2728 1187 2774 τῇ
1212 2724 1372 2773 Αἰγύπτῳ
1397 2727 1453 2769 90,
1473 2733 1512 2760 39

1022 2782 1224 2830 προσορίζω·
1249 2782 1290 2822 ἃς
1313 2801 1358 2808 -
1382 2780 1526 2820 Λεύκιος
1545 2779 1679 2820 Σύλλας
1701 2783 1773 2819 τοῖς

1068 2839 1181 2879 αὐτοῖς
1229 2838 1526 2887 (Στρατονικεῦσιν)
1568 2838 1772 2885 προσώρισεν

1040 2897 1239 2936 ,πολιτείας
1278 2895 1466 2942 προσόδους
1505 2894 1616 2943 χωρία
1654 2896 1773 2940 κώμας
1817 2947 1820 2950 Δ

1831 1851 1858 2038 1
