1858 3126
246 154 331 194 658

246 287 476 333 ἐπιβουλεύω·
509 286 566 322 ἐάν
591 299 666 321 τινα
691 284 908 331 αἰσθάνωμαι
931 285 1004 320 ἐπι·-

291 344 499 391 βουλέυοντα
540 344 617 387 229,
643 350 696 377 67.
733 344 811 386 266,
837 350 889 378 32.
941 342 1004 377 οὐκ

290 401 522 447 ἐπιβουλεύσω
546 398 695 446 Εὐμένει
724 401 776 445 τῷ
802 398 1002 447 Φιλεταίρου

291 459 369 503 266,
388 466 442 493 27.
463 465 502 493 60

244 514 425 562 ἐπιγαμία·
452 515 556 561 φόνον
581 514 619 549 δὲ
644 513 838 560 ἐπιγαμίαις
855 514 904 560 μὴ
921 526 1003 548 ’κατ-

288 571 521 607 αλλάσσεσθαι
544 573 623 616 218,
644 579 707 606 105

243 629 448 676 ἐπιγεννάω·
490 628 521 663 εἰ
558 629 605 675 μὴ
642 629 681 663 τὸ
716 628 830 662 ’κοινὸν
866 627 1002 662 πάντων

287 686 467 733 εὐτύχημα
490 684 702 732 ἐπεγεννήθη
726 683 863 730 Καῖσαρ
887 686 967 728 458,
982 692 999 718 9

242 743 517 790 ἐπιγι(γ)νώσ·κω·
554 744 647 781 ὅπως
672 754 709 776 τε
739 741 886 780 Λεύκιος
911 739 1002 787 Κορ-

286 799 403 845 νήλιος
458 798 592 838 Σύλλας
640 796 909 846 Ἐπαφρόδειτος
955 817 1002 823 -

287 856 412 903 ἐπιγνῷ
433 856 573 903 διατάξῃ
597 857 676 899 441,
698 863 772 891 104.
825 855 1002 902 ἐπιγνώτω

286 914 449 958 441,113

241 969 457 1018 ἐπίγραμμα·
481 970 524 1011 τᾴ
550 970 794 1016 ἐπιγράμματα
818 971 895 1013 218,
918 977 979 1004 125

180 1048 184 1052 -
241 1028 410 1075 ἐπιγραφή
426 1028 484 1071 (-ά)
502 1029 644 1071 767,27.
670 1026 1000 1073 ἐπιγραφαί332,21.

287 1085 321 1119 ἐν
345 1084 405 1130 νηῒ
430 1085 586 1130 δικρότῳ,
618 1078 640 1131 ᾗ
671 1083 841 1130 ἐπιγραφὴ
866 1081 1001 1127 Παρθέ-

284 1153 342 1179 νος
366 1143 445 1185 447,
466 1150 495 1175 5.
534 1141 597 1187 τὴν
623 1141 812 1187 ἐπιγραφὴν
832 1140 1002 1187 χαράξαν-

285 1211 347 1237 τας
380 1198 511 1245 μηδένα
543 1197 669 1244 ἄκυρον
698 1202 838 1243 ποιῆσαι
871 1198 950 1240 573,
970 1205 1000 1231 3.

288 1257 521 1303 συνεχώρησεν
541 1255 602 1300 μὲν
621 1254 714 1300 αὐτῷ
729 1254 790 1292 τὰς
812 1254 1001 1301 ἐπιγραφάς

287 1314 365 1356 339,
386 1321 439 1347 4ο.
491 1312 685 1358 ποιουμένῳ
717 1311 778 1349 τὰς
811 1310 1000 1357 ἐπιγραφάς

288 1370 366 1414 339,
387 1378 426 1405 94

242 1427 438 1474 ἐπιγράφω·
469 1425 652 1472 ἐπιγράψαι
685 1426 763 1468 219,
784 1432 837 1459 36.
891 1425 1000 1470 ἐπιγέ-

286 1496 432 1530 γραπται
456 1484 534 1526 218,
555 1490 631 1518 128.
673 1488 741 1516 τῶν
768 1482 805 1516 δέ
829 1480 1001 1527 ἀναθεμά-

285 1553 353 1574 των
378 1559 425 1565 -
448 1541 506 1574 ’καὶ
537 1545 604 1573 τῶν
638 1539 935 1586 ἐπιγεγραμμένων
965 1538 1000 1572 ἔν

286 1609 323 1631 τε
346 1601 423 1636 ταῖς
448 1597 586 1642 στήλαις
609 1596 669 1630 ’καὶ
693 1599 766 1633 τοῖς
790 1595 999 1640 ἀναθέμασιν

288 1654 440 1697 573,14.
488 1654 547 1687 ’καὶ
575 1656 635 1687 νῦν
664 1657 737 1690 τοῖς
768 1652 882 1690 αὐτοῖς
918 1654 1000 1695 (τοῖς

288 1709 512 1756 ἐκλογισταῖς)
553 1709 779 1756 παραγγέλλω
817 1709 924 1756 μηδὲν
966 1709 1000 1749 ἐξ

287 1767 503 1813 ὁμοιώματος
516 1767 713 1813 ἐπιγράφειν
736 1767 877 1809 669,53.
913 1766 1000 1801 πλά-

286 1837 344 1862 κες
409 1824 695 1871 ἐπιγεγραμμέναι
757 1822 1000 1871 δέκατέσσαρες

288 1883 365 1925 672,
387 1888 426 1916 12

241 1938 460 1984 ἐπιδέχομαι·
502 1938 560 1972 ἐάν
600 1938 651 1975 τίς
689 1950 722 1971 τι
762 1937 999 1984 ὑπεκτιθῆται,

288 1993 506 2042 ἐπιδέχεσθαι
539 1994 597 2028 ’καὶ
628 1994 707 2032 τοὺς
736 1994 903 2041 ἄρχοντας
929 1993 1000 2027 ἐπι-

289 2050 455 2094 μέλεσθαι
492 2051 572 2093 437,
605 2058 656 2085 65.
718 2051 807 2097 μηδὲ
846 2050 998 2095 λάφυρον

287 2106 498 2154 ἐπιδεχέσθω
516 2108 594 2150 437,
611 2115 663 2141 69.
683 2114 736 2141 72.
779 2107 998 2153 ἐπιμεληθεὶς

286 2163 346 2198 καὶ
375 2162 504 2197 τούτων
535 2164 582 2201 ὡς
614 2163 796 2210 ἐπεδέχετο
835 2163 999 2198 ’κάλλιστα

288 2221 365 2263 764,
385 2227 425 2254 23

240 2276 434 2322 ἐπιδημέω”
468 2276 685 2323 ἐπεδήμησεν
709 2276 811 2322 ἡμῶν
835 2278 880 2324 τῇ
902 2277 998 2311 πόλει

288 2335 365 2377 505,
396 2342 427 2368 4.
491 2334 549 2368 ἐάν
588 2346 638 2372 τις
678 2333 759 2379 ὑμῖν
800 2334 996 2381 ἐπιδημήσῃ

288 2389 407 2434 βιαίως
438 2391 516 2434 609,
536 2399 566 2425 9.
616 2394 692 2429 ταῖς
726 2390 997 2436 ἐπιδημησάσαις

287 2446 563 2491 οὐηξιλλατίωσιν
590 2448 667 2490 640,
688 2455 704 2481 9

240 2502 419 2548 ἐπιδημία·
455 2503 543 2536 ’κατὰ
573 2504 635 2547 τὴν
665 2507 726 2537 τοῦ
752 2502 923 2547 Σεβαστοῦ
951 2521 994 2528 —·

286 2557 544 2604 Αὐτοκράτορος
582 2557 777 2594 Ἀντωνίνου
814 2559 995 2605 ἐπιδημίαν

288 2617 365 2660 517,
386 2624 416 2650 7.
465 2615 744 2662 στρατηγήσαντα
770 2616 804 2650 ἐν
831 2615 997 2662 ἐπιδημίᾳ

287 2672 369 2707 θεοῦ
406 2670 622 2719 Ἀλεξάνδρου
660 2674 737 2716 640,
763 2681 792 2707 5.
850 2672 884 2707 ἐν
919 2677 996 2710 ταῖς

285 2731 418 2775 κώμαις
450 2729 624 2764 ποιεῖσθαι
654 2729 835 2775 ἐπιδημίαν
869 2731 945 2773 527,
965 2737 995 2763 4.

286 2787 348 2831 τήν
372 2799 407 2820 τε
432 2786 648 2832 ἀναστροφὴν
680 2787 863 2832 ἐποιήσατο
894 2786 928 2819 ἐν
952 2787 997 2833 τῇ

286 2842 452 2888 ἐπιδημίᾳ
487 2842 587 2882 ἀξίως
630 2846 689 2877 τοῦ
724 2855 761 2877 τε
800 2843 996 2889 πέμψαντος

287 2898 452 2943 βασιλέως
483 2899 542 2933 ’καὶ
570 2903 633 2945 τῆς
662 2899 831 2945 ἡμετέρας
861 2899 995 2938 πόλεως

960 149 1111 182 Indices.

1121 287 1199 329 760,
1219 293 1249 320 6.
1291 285 1483 332 ἐπῃνῆσθαι
1498 305 1546 312 -
1566 285 1623 320 ἐπὶ
1645 286 1689 334 τῇ
1713 285 1831 333 ἐπιδη-

1121 342 1181 389 μίᾳ
1198 336 1221 390 ᾗ
1239 342 1443 388 ἐποιήσαντο
1461 342 1496 378 ἐν
1514 344 1557 391 τῇ
1578 343 1677 378 πόλει
1694 344 1773 388 319,
1787 350 1828 378 24

1074 399 1255 446 ἐπίδημος·
1303 399 1362 435 ἐὰν
1395 419 1444 426 -
1481 400 1515 435 οἱ
1561 399 1740 446 βουλευταὶ
1780 401 1829 446 μὴ

1120 456 1310 491 συνέλθωσι
1325 457 1460 491 δυνατοὶ
1475 456 1568 494 ὄντες
1590 457 1650 491 ’καὶ
1667 456 1832 502 ἐπίδημοι

1121 515 1198 557 515,
1217 520 1258 548 42

1074 570 1274 615 ἐπιδίδωμι·
1299 570 1363 605 οὐκ
1386 570 1484 618 ὀλίγα
1507 571 1547 606 δὲ
1567 571 1627 606 ’καὶ
1648 575 1716 605 τῶν
1737 569 1830 605 ἰδίων
1848 568 1851 570 ’

1120 627 1291 666 ἐπιδιδοὺς
1352 628 1410 663 καὶ
1467 633 1628 677 χορηγῶν
1689 627 1831 662 διετέλει

1119 686 1198 728 326,
1219 693 1271 720 13.
1313 685 1449 724 ἐπιδοὺς
1482 685 1531 724 εἰς
1553 687 1660 720 ταῦτα
1685 684 1770 730 μετὰ
1791 685 1829 718 τὸ

1119 740 1154 781 ἐξ
1178 741 1279 780 ἔθους
1296 742 1470 788 διδόμενον
1493 743 1532 776 τὸ
1551 742 1671 777 λοιπὸν
1685 760 1734 767 -
1749 741 1830 776 ἀνά-

1118 798 1222 844 λωμα
1261 800 1340 843 708,
1372 806 1424 834 12.
1486 799 1645 834 ἐπιδόντα
1684 800 1725 835 ἐκ
1761 804 1829 834 τῶν

1120 855 1211 890 ἰδίων
1236 857 1280 903 τῇ
1299 856 1399 891 πόλει
1421 856 1620 895 πολυτελῶς
1645 857 1723 900 524,
1739 864 1769 890 7.
1787 875 1832 881 -

1119 912 1311 947 ἐπιδίδωσιν
1342 913 1460 948 ἑαυτὸν
1489 915 1533 960 τῇ
1566 913 1666 948 πόλει
1703 915 1780 957 730,
1799 921 1830 948 7.

1118 969 1238 1004 ἑαυτὸν
1269 969 1317 1008 εἰς
1345 970 1426 1008 τοὺς
1459 969 1636 1009 ’κινδύνους
1671 969 1831 1013 ἐπιδο(ύ)ς

1119 1028 1196 1070 767,
1216 1034 1246 1061 9.
1285 1027 1422 1065 ἐπιδοὺς
1440 1026 1690 1075 μεγαλοψύχως
1710 1027 1830 1062 ἑαυτὸν

1119 1082 1330 1129 αὐτόκλητον
1365 1085 1442 1127 194,
1463 1092 1515 1119 11.
1537 1103 1584 1110 -
1618 1084 1653 1118 ἐν
1685 1083 1831 1130 ἡμέραις

1096 1135 1098 1137 ’
1118 1140 1286 1186 ἐξήκοντα
1310 1140 1517 1175 ἐπιδότωσαν
1544 1140 1596 1185 (τὰ
1617 1140 1831 1188 ἀναγεγραμ-

1119 1197 1214 1242 μένα)
1256 1196 1304 1236 είς
1342 1197 1385 1231 τὰ
1423 1197 1623 1245 λογιστὴρια
1668 1199 1745 1242 665,
1776 1206 1830 1233 34.

1122 1254 1208 1300 μετὰ
1227 1255 1265 1288 τὸ
1285 1253 1485 1300 ἐπιδοθῆναι
1499 1255 1563 1301 τὴν
1583 1254 1828 1303 προσαγγελίαν

1119 1313 1197 1355 515,
1217 1319 1256 1345 37

1073 1369 1240 1407 ἐπίδοσις·
1268 1368 1436 1406 ἐπιδόσεις
1453 1368 1554 1402 δόντα
1578 1370 1656 1414 540,
1677 1377 1729 1405 13.
1765 1370 1829 1404 πά-

1119 1439 1179 1464 σας
1202 1425 1314 1472 άρχᾶς
1343 1426 1403 1460 ’καὶ
1431 1425 1642 1472 λειτουργίας
1671 1427 1730 1462 ’καὶ
1759 1427 1831 1462 ἐπι-

1119 1483 1225 1520 δόσεις
1245 1482 1468 1517 ἐκτελέσαντα
1485 1485 1528 1530 τῇ
1546 1483 1679 1529 πατρίδι
1705 1484 1782 1527 542,
1799 1493 1828 1519 9.

1119 1539 1352 1586 ὑπερβαλόντα
1369 1541 1511 1583 (-οῦσαν)
1536 1540 1724 1575 ἐπιδόσεσιν
1751 1542 1829 1585 544,

1121 1605 1173 1632 15.
1197 1604 1250 1631 29.
1285 1598 1363 1641 545,
1389 1605 1440 1631 10.
1470 1617 1516 1622 -
1546 1597 1619 1644 τὴμ
1659 1597 1829 1642 βασιλείαν

1117 1654 1234 1692 αὐτοῖς
1259 1654 1428 1698 διαμένειν
1451 1653 1692 1700 λαμβάνουσαν
1717 1654 1830 1689 ἐπίδο-
1856 1683 1858 1686 ⁴

1119 1723 1168 1745 σιν
1194 1712 1272 1755 219,
1293 1718 1348 1746 25.
1385 1711 1448 1757 τὴν
1464 1710 1636 1757 ἡμετέραν
1659 1711 1755 1746 πόλιν
1780 1712 1828 1752 εἰς
1855 1728 1858 1749 1

1118 1768 1264 1803 ἐπίδοσιν
1289 1768 1452 1816 ἀγείωχεν
1476 1769 1556 1812 493,
1571 1775 1612 1803 22
1855 1790 1858 1822 3

1072 1825 1256 1871 ἐπιδρομή·
1293 1826 1377 1871 πρὸς
1402 1824 1545 1870 βασιλέα
1575 1823 1742 1860 Ἄτταλον-
1767 1827 1827 1861 οιαὶ
1854 1833 1858 1868 j

1118 1882 1257 1928 βασιλέα
1278 1879 1480 1928 Ἀριαράθην
1511 1883 1638 1928 γράψαι
1665 1883 1742 1928 περὶ
1765 1887 1827 1928 τῆς
1855 1870 1858 1907 ῗ

1117 1940 1304 1986 ἐπιδρομῆς
1322 1940 1399 1982 351,
1421 1946 1472 1973 17.
1514 1939 1567 1972 διὰ
1581 1938 1641 1977 τὰς
1658 1937 1827 1984 Θρᾳκίους

1118 1996 1303 2041 ἐπιδρομάς
1329 1997 1407 2035 339,
1427 2003 1466 2028 55

1071 2051 1233 2086 ἐπιείκεια
1258 2052 1335 2094 504,
1355 2059 1385 2085 9.
1411 2053 1488 2095 507,
1508 2059 1524 2085 8

1071 2107 1241 2152 ἐπιεικής·
1266 2107 1471 2147 ἀπεδέξαντο
1489 2109 1536 2146 ὡς
1549 2108 1682 2154 ἐπιεικῆ
1701 2109 1778 2153 506,
1794 2117 1823 2144 9.

1116 2165 1274 2201 ἐπιεικῶς
1299 2165 1377 2208 364,
1398 2172 1428 2198 6.
1470 2164 1614 2203 ἐπεικῶς
1640 2167 1718 2209 565,
1738 2173 1776 2201 19

1069 2220 1252 2266 ἐπιζητέω·
1287 2222 1363 2267 περὶ
1386 2222 1529 2256 ἑκάστου
1554 2228 1622 2257 τῶν
1647 2222 1826 2269 ἐπιζητου-

1116 2278 1227 2321 μένων
1253 2280 1330 2322 669,
1350 2286 1366 2312 8
1841 2317 1846 2324 ‚

1069 2334 1260 2380 ἐπιθυμέω·
1296 2331 1478 2380 Ῥωμαίων
1512 2339 1585 2373 τοῖς
1621 2335 1846 2382 ἐπιθυμοῦσι’

1115 2394 1192 2435 764,
1213 2400 1251 2427 19

1068 2449 1239 2488 ἐπίθυσις·
1265 2448 1439 2486 ἐπιθύσεις
1461 2448 1612 2494 ἀφειδεῖς
1636 2449 1822 2495 λιβανωτοῦ

1111 2507 1170 2540 ’καὶ
1194 2506 1386 2551 ἀρωμάτων
1412 2507 1490 2549 383,
1511 2513 1571 2540 141

1067 2562 1214 2596 ἐπιθύω·
1245 2562 1396 2597 ἐπιθύειν
1422 2564 1500 2606 222,
1519 2570 1574 2598 37.
1622 2561 1825 2601 ἐπιθύονιταιιτ

1112 2620 1170 2653 τὸν
1195 2619 1381 2664 λιβανωτόν
1406 2619 1484 2662 332,
1504 2625 1543 2653 29

1067 2675 1256 2721 ἐπίκαιρος·
1296 2675 1358 2710 τὰν
1389 2674 1647 2720 ἐπικαιροτάταν
1686 2687 1822 2720 συμμα-

1111 2731 1191 2778 χίαν
1215 2752 1262 2758 -
1286 2732 1419 2779 ἀγαγών
1445 2733 1522 2775 767,
1545 2739 1581 2767 10

1067 2787 1255 2822 ἐπικαλέω·
1279 2789 1338 2822 καὶ
1362 2788 1474 2832 ἄτιμοι
1499 2789 1648 2823 ἔστωσαν
1667 2786 1742 2824 καθ’
1762 2788 1820 2828 οὓς

1113 2844 1152 2878 ἂν
1176 2850 1244 2878 τῶν
1268 2846 1509 2891 γεγραμμένων
1532 2850 1634 2891 τιμῆς
1656 2835 1843 2891 ἐπικαλῆ-ῗ,

1112 2914 1177 2944 ται,
1203 2901 1266 2939 ἕως
1291 2900 1330 2935 ἂν
1353 2901 1562 2946 ’κομίσωνται
1583 2902 1626 2935 τὰ
1655 2902 1819 2948 χρήματα
1837 2903 1841 2933 J

1838 3006 1858 3126 Euea--mwe
1848 2986 1858 2993 ε
1854 2964 1857 2965 ,
1856 2941 1858 2944 ,
