1858 3126
221 137 303 178 708

220 273 443 321 συγκλητικός
482 275 562 319 499,
590 282 619 309 5.
661 275 739 318 500,
765 282 796 310 9.
837 275 914 319 501,
943 282 975 311 4.

264 332 343 375 642,
355 337 386 366 2.
403 331 482 376 643,
495 339 526 366 3.
559 332 600 366 ἐκ
613 331 845 377 συνκλητικῶν
857 332 934 376 548,
945 339 976 366 2.

264 393 406 435 συγγενῆ
435 388 667 436 συγκλητικῶν
700 388 866 423 πλείστων
897 391 975 433 544,

266 452 318 480 11.
343 445 572 493 συγκλητικοῦ
588 445 728 480 πάππον
744 447 885 490 528,14.
912 459 976 481 πα·

260 503 343 548 τέρα
362 504 421 537 καὶ
444 503 583 538 πάππον
600 503 834 549 συνκλητικῶν
859 504 936 548 549,
955 511 971 537 7

217 559 404 607 σύγκλητος
431 563 588 603 (senatus
606 560 869 604 Romanorwm)
895 562 974 604 351,

266 618 970 662 15,435,2.3.1ο.18.441,3ο.59.6α

260 675 446 719 442,3.4.
473 682 525 710 13.
566 677 701 719 455,6.
741 676 972 719 456,55.64.

263 732 353 778 ἱερᾶς
379 732 570 779 συγκλήτου
596 733 674 777 625,
692 742 722 767 5.
763 732 874 779 δόγμα
898 745 973 767 συν-

259 789 388 834 κλήτου
425 790 503 833 436,
525 798 554 824 5.
593 791 671 833 441,
697 797 748 824 16.
804 790 892 824 κατὰ
931 790 973 824 τὰ

261 846 412 891 δόγματα
451 850 515 892 τῆς
557 846 740 893 ἱερωτάτης
780 846 970 893 συνκλήτου

261 904 338 946 514,
369 911 399 937 5.
464 903 645 950 συγκλήτῳ
686 903 971 949 συνεβουλεύσατο

258 960 338 1004 441,
359 968 411 994 19.
453 960 546 999 ὅπως
562 960 784 1007 πρεσβευταῖς
800 981 847 986 —
863 961 896 996 οἱ
913 961 971 1008 ἅρ-

258 1029 379 1064 χοντες
415 1016 604 1063 σύγκλητον
642 1017 777 1052 διδῶσιν
812 1019 891 1063 441,
917 1026 970 1053 64.

261 1073 449 1119 σύγκλητον
486 1073 639 1109 δίδοσθαι
674 1076 848 1118 441,128.
899 1074 972 1122 θεῷ

260 1129 449 1176 Συνκλήτῳ
476 1132 555 1175 479,
573 1139 590 1164 4

214 1187 394 1233 συγκρίνω·
419 1188 482 1233 τὴν
508 1187 823 1236 συνκριθησομένην
839 1190 969 1236 τροφήν

258 1246 371 1288 56‚71

211 1301 394 1349 σύγκρισις·
421 1300 459 1336 ού
485 1303 568 1348 πρὸς
593 1302 655 1348 τὴν
680 1303 783 1338 οὖσαν
807 1303 969 1350 ἀνάβασιν

257 1357 396 1404 Νείλου,
421 1359 510 1394 ἀλλὰ
534 1360 618 1408 πρὸς
643 1359 809 1407 σύνκρισιν
831 1361 970 1408 ἀρχαιο-

256 1417 364 1463 τέρων
387 1421 486 1451 τινῶν
511 1416 710 1462 ἀναβάσεων
736 1419 814 1462 669,
835 1426 875 1452 56

211 1474 382 1520 συγκύρω·
418 1474 455 1508 τὸ
492 1473 580 1520 ἱερὸν
609 1474 669 1508 καὶ
697 1475 740 1509 τὰ
765 1475 970 1522 συνκύροντα

257 1531 311 1575 52,
333 1538 362 1566 1.
402 1531 459 1564 τὸν
484 1531 563 1565 ναὸν
588 1531 647 1565 καὶ
669 1532 707 1565 τὸ
735 1532 821 1579 ἱερὸν
845 1533 904 1566 καὶ
926 1532 969 1567 τὰ

255 1587 425 1633 προσόντα
448 1588 540 1637 αὐτῷ
555 1593 680 1635 ταμεῖα
703 1590 761 1623 καὶ
784 1590 826 1624 τὰ
849 1589 969 1624 συνκύ-

256 1660 356 1695 ροντα
387 1647 501 1682 πάντα
532 1647 587 1691 92,
608 1655 637 1682 5.
684 1646 743 1680 τὸν
769 1646 886 1691 βωμὸν
909 1647 968 1681 καὶ

253 1705 309 1740 τὸν
350 1703 529 1751 περίβολον
578 1703 637 1738 καὶ
679 1702 722 1738 τὰ
762 1703 969 1749 συνκύροντα

253 1763 363 1797 πάντα
390 1762 466 1805 182,
485 1769 515 1796 4.
562 1765 630 1795 τῶν
655 1760 887 1806 συνκυρόντων
910 1765 968 1806 τῆι

255 1822 388 1866 σιτηρᾶι
415 1818 603 1866 ἀπομοίραι
634 1819 690 1861 55,
709 1823 761 1852 2ο.
811 1817 870 1851 σὺν
894 1822 967 1856 τοῖς

253 1876 455 1923 συνκύρουσι
468 1876 527 1910 καὶ
541 1873 736 1920 καθήκουσι
749 1878 832 1908 πᾶσι
845 1875 922 1918 262,
935 1883 965 1909 8.

252 1935 314 1979 τὴν
339 1934 455 1981 χώραν
479 1932 542 1978 τὴν
562 1931 792 1978 συγκύρουσαν
818 1932 896 1975 221,
911 1938 964 1966 52.

252 1991 332 2029 τοὺς
357 1989 496 2036 βωμοὺς
520 1989 579 2023 καὶ
601 1988 645 2022 τὰ
671 1989 795 2035 τεμένη
820 1989 878 2023 καὶ
901 1988 964 2034 τὴν

254 2046 481 2092 συνκύρουσαν
507 2045 623 2084 αὐτοῖς
647 2050 710 2092 γῆν
736 2048 791 2089 65,
812 2054 828 2080 8

208 2103 359 2151 συγχέω·
408 2103 498 2149 μηδὲ
538 2102 706 2150 συνχέωσι
743 2103 806 2148 τὴν
846 2102 963 2147 κοινὴν

252 2161 361 2194 πίστιν
386 2160 419 2194 οἱ
440 2160 485 2207 τῇ
500 2158 741 2205 πρωτοπραξία
758 2159 842 2204 πρὸς
867 2159 890 2193 ἃ
914 2159 963 2204 μὴ

253 2217 306 2252 δεῖ
329 2217 592 2264 καταχρώμενοι
616 2217 694 2258 669,
716 2223 754 2250 18

207 2274 437 2323 συγ-χράομαι·
475 2272 518 2307 τὰ
555 2272 842 2320 σεβαστοφαντικὰ
875 2273 963 2320 χρή-

253 2345 344 2378 ματα
367 2331 416 2369 εἰς
441 2330 538 2376 ἔργον
555 2330 599 2377 τῇ
622 2329 719 2364 πόλει
734 2330 962 2377 χαρισάμενον

251 2389 308 2423 καὶ
334 2388 382 2434 μὴ
408 2387 683 2434 συνχρησάμενον
712 2387 761 2425 εἰς
785 2388 823 2421 τὸ
849 2386 961 2421 ἔλαιον

251 2445 359 2490 τούτῳ
382 2445 433 2490 τῷ
448 2444 543 2490 πόρῳ
568 2445 646 2487 544,
665 2450 706 2477 23

206 2514 333 2550 συγχρη
339 2500 468 2547 ματίζω
479 2510 487 2518 ·
513 2499 792 2547 συγχρηματίζειν
816 2502 861 2547 τῇ
868 2497 876 2510 ‘
885 2498 961 2535 Ρω-

252 2558 362 2606 μαϊκῇ
397 2558 456 2592 καὶ
491 2556 552 2602 τὴν
589 2553 792 2602 Ἑλληνικὴν
827 2556 959 2602 ἡμέραν
1032 2555 1275 2600 συμβουλεύω·
1299 2554 1479 2602 συγκλήτῳ
1503 2554 1819 2600 συνεβουλεύσατο
1834 2604 1844 2615 .

250 2617 329 2660 458,
349 2622 390 2650 53

206 2671 388 2720 συγχωρέω
408 2670 555 2715 passm

204 2728 481 2776 συγχώρησις·τ·ιθ
503 2728 540 2762 δὲ
563 2732 698 2774 πρῶτον
714 2726 799 2772 ἡμῖν
822 2726 960 2761 ἐκοίνω-

250 2799 309 2824 σας
332 2804 379 2811 -
403 2788 542 2832 πρᾶγμα
567 2786 612 2824 ὡς
636 2783 779 2831 ἀληθῶς
795 2789 857 2830 τῆς
874 2785 960 2830 ἡμε-

247 2843 346 2888 τέρας
371 2842 620 2890 συνχωρήσεως
637 2841 883 2890 προσδεόμενον
901 2841 960 2887 δῆ-

248 2900 307 2934 λόν
333 2900 402 2933 ἐστι
427 2900 504 2942 508,
525 2907 541 2933 9

935 138 1087 172 Indices

1032 2670 1256 2715 συμβούλιον·
1294 2668 1379 2715 μετὰ
1409 2667 1617 2713 συμβουλίου
1646 2669 1787 2714 γνώμης
1800 2686 1815 2710 ⁷.

1047 274 1338 322 συκοφαντήματα
1361 276 1439 320 669,
1457 282 1499 310 40

1047 332 1278 379 συκοφάντης·
1311 333 1368 368 διὰ
1390 334 1429 368 τὸ
1451 332 1588 380 πλῆθος
1609 337 1677 367 τῶν
1702 344 1802 368 συκο-

1093 393 1228 435 φαντῶν
1253 390 1331 435 669,
1350 397 1405 427 41.
1451 388 1510 425 ἵνα
1532 393 1633 424 πᾶσιν
1659 391 1800 437 φανερὸν
1854 412 1858 430 ,

1092 441 1129 493 ᾗ,
1154 446 1207 481 ὅτι
1228 446 1307 486 τοὺς
1331 446 1566 495 ἐνδειχθέντας
1590 446 1801 494 συκοφάντας
1847 441 1858 488 ’3

1091 504 1138 542 ὡς
1163 502 1232 538 ἔδει
1257 503 1522 551 ἐτιμωρησάμην
1546 504 1625 548 669,
1645 511 1686 538 45
1849 489 1858 513 ⁵

1046 560 1272 607 συκοφαντία·
1295 561 1380 607 πρὸς
1394 561 1619 608 συκοφαντίαν
1629 566 1698 596 τῶν
1713 561 1802 596 κατὰ
1848 551 1858 600 Ξ

1091 616 1229 663 σύνοψιν
1253 618 1570 666 παραγραφομένων
1595 618 1674 662 669,
1693 625 1733 652 58
1839 601 1858 696 ἐ

1045 674 1178 709 συλάω·
1213 674 1271 709 ἐὰν
1296 675 1335 711 δέ
1355 688 1406 715 τις
1435 675 1573 724 συληθῇ
1601 675 1625 720 ἢ
1650 674 1800 724 ἀδικηθῇ
1842 698 1858 720 ,,

1089 733 1168 776 437,
1189 740 1228 767 59
1852 743 1857 763 ῑ

1044 788 1239 823 συλλαλέω·
1263 795 1331 824 τῶν
1348 789 1463 824 ἄλλων
1481 791 1528 824 ὦν
1545 789 1800 837 συλλελαλήκα-

1090 857 1151 891 μεν
1175 845 1280 892 ἡμεῖς
1304 859 1342 881 τε
1371 847 1430 884 καὶ
1454 847 1486 881 οἱ
1519 846 1677 893 ὑμέτεροι
1699 859 1800 895 πρεσ-
1841 868 1853 886 2-

1090 903 1206 948 βευταί
1246 904 1324 947 223,
1343 911 1397 938 35.
1454 903 1661 952 ἐπαχθέντες
1699 903 1736 938 δὲ
1767 904 1800 939 οἱ
1839 927 1843 934 2

1088 959 1292 1005 πρεσβευταὶ
1316 960 1374 995 ἐπὶ
1390 960 1448 995 τὸν
1465 961 1574 1007 δῆμον
1591 960 1801 1007 συνλελαλή-

1087 1029 1184 1050 κασιν
1210 1015 1294 1063 ὑπὲρ
1318 1017 1477 1052 ἁπάντων
1502 1018 1580 1061 229,
1598 1023 1640 1053 29
1827 1057 1830 1058 ⁷

1042 1072 1264 1121 συλλήπτωρ·
1289 1073 1385 1113 θεοῖς
1396 1069 1579 1122 πατρῴοις,
1597 1073 1711 1122 Νείλῳ
1723 1087 1799 1111 συν-
1831 1080 1838 1125 j

1086 1130 1235 1178 λήπτορι
1256 1130 1460 1179 χαριστήρια
1484 1132 1563 1175 654,
1582 1139 1599 1166 9
1834 1179 1835 1182 ,

1043 1186 1228 1234 σύλληψις·
1263 1189 1323 1223 καὶ
1356 1188 1419 1234 τὴν
1451 1187 1618 1235 σύλληψιν
1649 1194 1718 1224 τῶν
1749 1189 1797 1238 εἰς
1828 1199 1840 1206 ’-

1085 1244 1148 1290 τὴν
1171 1245 1324 1280 ναυτείαν
1349 1245 1398 1292 μὴ
1422 1245 1594 1281 ποιεῖσθαι
1617 1246 1732 1290 90,17
1834 1258 1838 1260 ’

1042 1301 1200 1340 σύλλυσις
1223 1303 1301 1347 335,
1321 1309 1374 1338 42,
1394 1310 1448 1337 59.
1467 1310 1520 1337 74.
1541 1309 1616 1337 101.
1644 1303 1722 1347 437,
1743 1310 1797 1340 19.

1085 1364 1153 1394 τῶν
1177 1378 1224 1385 —-
1248 1358 1353 1393 δικῶν
1376 1358 1437 1397 τὰς
1466 1359 1623 1398 πλείστας
1646 1359 1693 1398 εἰς
1718 1359 1826 1397 σύλ·

1085 1415 1182 1451 λυσιν
1198 1415 1380 1464 ἀγηγοχιίις
1403 1416 1556 1461 329,18.
1597 1416 1712 1452 δοῦναι
1735 1417 1796 1456 τὰς

1085 1477 1204 1521 χεῖρας
1229 1473 1313 1519 ἡμῖν
1331 1473 1381 1512 εἰς
1395 1472 1556 1508 σύλλυσιν
1580 1475 1659 1518 437,
1667 1480 1724 1509 42.
1762 1474 1826 1509 ot
1854 1491 1856 1493 >

1086 1530 1132 1577 υφ
1137 1527 1331 1578 ’ἑκατέρων
1346 1535 1415 1565 τῶν
1433 1530 1554 1576 δήμων
1571 1529 1798 1580 ἀποδειχθὲν·

1084 1600 1140 1627 τες
1156 1587 1276 1636 ἄνδρες
1293 1587 1350 1622 ἐπὶ
1363 1593 1430 1622 τῶν
1449 1587 1643 1622 συλλύσεων
1660 1588 1739 1632 437,
1752 1595 1792 1623 92

1039 1643 1191 1679 συλλύω·
1226 1644 1269 1679 τὰ
1306 1644 1368 1690 μὲν
1403 1643 1548 1679 πλεῖστα
1583 1645 1795 1691 πειρωμένου
1824 1679 1849 1695 3

1084 1701 1252 1746 συλλύειν,
1284 1701 1362 1740 τοὺς
1395 1701 1435 1735 δὲ
1466 1701 1515 1747 μὴ
1542 1700 1794 1747 συλλυομένους
1824 1711 1827 1723 2

1083 1759 1341 1804 ἀναπέμποντος
1366 1758 1422 1793 ἐπὶ
1435 1758 1479 1794 τὰ
1500 1777 1548 1784 -
1568 1758 1796 1805 νενομοθετη·

1084 1816 1171 1862 μένα
1185 1815 1272 1862 ἡμῖν
1290 1813 1355 1850 ὑπὸ
1370 1820 1438 1850 τῶν
1461 1815 1626 1861 βασιλέων
1651 1816 1794 1861 329,11.
1824 1831 1842 1863 3

1081 1873 1124 1908 τὰ
1148 1871 1355 1908 συνλυθέντα
1378 1873 1458 1916 335,
1477 1880 1517 1907 32

1037 1929 1156 1965 σῦλον·
1180 1930 1239 1964 καὶ
1263 1929 1299 1964 ἐν
1323 1929 1437 1968 σύλοις
1460 1929 1600 1965 ἀσυλίαν
1625 1930 1704 1974 731,
1722 1935 1763 1965 23

1036 1986 1244 2033 συμβάλλω·
1291 1987 1337 2024 ὡς
1378 1985 1668 2032 συμβεβληκότων
1707 1986 1791 2023 τισὶν
1813 1958 1847 2012 οἱ

1081 2042 1270 2089 ἀναβολικὰ
1308 2042 1482 2089 εἰληφόσιν
1523 2043 1602 2086 669,
1626 2049 1680 2077 21.
1734 2042 1792 2078 ἵνα
1811 2039 1846 2087 ἧς

1082 2100 1202 2145 μηδεὶς
1220 2099 1274 2145 τῷ
1287 2098 1430 2145 τοιούτῳ
1448 2098 1620 2148 συνβάλλῃ
1645 2100 1724 2143 669,
1737 2106 1790 2135 22.
1816 2092 1839 2136 ἐξ

1079 2157 1139 2191 καὶ
1177 2156 1240 2202 τὴν
1277 2155 1326 2195 εἰς
1360 2156 1422 2195 τὰς
1460 2155 1568 2195 ἄλλας
1608 2156 1789 2202 ἐρωτήσεις
1823 2158 1834 2205 ᾗ,

1078 2213 1240 2260 ἀφορμὴν
1265 2213 1548 2259 συμβεβλημένον
1575 2214 1652 2257 508,
1673 2221 1712 2247 10

1034 2269 1195 2317 σύμβιος·
1219 2270 1281 2316 τὴν
1305 2270 1518 2318 γλυκυτάτην
1541 2270 1601 2305 καὶ
1626 2270 1789 2316 σεμνοτά·
1811 2291 1815 2299 2
1840 2285 1847 2315 ξ

1077 2340 1140 2374 την
1171 2327 1303 2373 σύνβιόν
1337 2340 1403 2372 μου
1436 2328 1514 2371 526,
1534 2335 1564 2362 5.
1617 2326 1703 2373 μετὰ
1730 2317 1847 2369 nal,

1078 2389 1140 2430 τῆς
1165 2384 1301 2430 συνβίου
1327 2384 1405 2428 683,
1423 2391 1440 2418 4
1803 2389 1819 2423 ζ

1033 2441 1240 2487 συμβόλαιον
1257 2442 1336 2486 484,
1349 2450 1402 2477 51.
1439 2440 1631 2487 συμβόλαια
1647 2442 1703 2486 43,
1712 2448 1741 2477 4.
1754 2449 1787 2476 ’1.
1808 2447 1815 2461 ³

1077 2500 1156 2543 335,
1175 2506 1214 2532 79
1806 2507 1811 2517 ··

1076 2614 1155 2656 435,
1176 2620 1205 2647 4.
1233 2613 1313 2656 441,
1334 2619 1372 2646 19

1079 2727 1130 2769 (de
1152 2725 1303 2762 consilii
1322 2725 1508 2768 sententia)
1533 2726 1612 2769 441,
1628 2732 1682 2759 94.
1717 2723 1799 2763 ἀπὸ
1801 2717 1837 2772 ‘4

1077 2783 1283 2829 συμβουλίου
1316 2784 1455 2829 γνώμης
1483 2782 1563 2826 442,
1583 2790 1613 2817 8.
1660 2777 1801 2828 δουκη·
1814 2781 1837 2799 ²³

1075 2840 1190 2886 νάριον
1216 2840 1271 2874 ἐπὶ
1295 2839 1501 2886 συμβουλίου
1527 2842 1586 2873 τοῦ
1611 2837 1782 2884 Σεβαστοῦ
1810 2860 1840 2889 ¹,

1076 2899 1154 2941 449,
1175 2905 1191 2931 s
1832 2899 1833 2902 ’
