1858 3126
99 160 180 204 552]
577 160 736 193 Aechmo
761 159 955 202 Lyciorum
981 160 1197 194 nauarchus.
1595 160 1678 201 229

213 299 285 357 τὴν
306 295 472 354 Ῥώμην
503 297 569 340 Διὶ
599 296 867 340 Καπετωλίωι
902 295 972 339 καὶ
1008 299 1083 340 τῶι
1119 298 1254 352 δήμωι
1282 297 1384 353 τῶ[ι]
1418 294 1677 353 ΙῬωμαίων,

215 368 361 425 ἀρετῆς
395 367 529 409 ἕνεκεν
564 366 634 409 καὶ
672 366 830 414 εὐνοίας
867 365 936 408 καὶ
972 365 1201 423 εὐεργεσίας
1233 364 1239 422 Ι
1271 370 1341 422 τῆς
1378 367 1435 414 εἰς
1469 365 1514 408 τὸ
1545 366 1677 410 κοινὸν

212 435 257 480 τὸ
289 436 459 479 Λυκίων.

185 643 275 687 552
315 646 361 686 In
389 646 598 699 parietinis
623 644 773 684 Xanthi
794 645 953 697 Lyciae,
984 644 1023 682 in
1054 647 1151 683 anta
1181 644 1325 683 dextra
1354 646 1495 696 portae
1525 645 1675 698 oppidi.

98 716 161 756 Ex
179 714 415 769 apographo
437 714 634 755 Fellowsii
655 714 716 753 ed.
735 713 779 753 L.
794 714 897 753 Ross
923 713 1150 752 Kleinasien
1171 713 1256 752 und
1280 711 1553 752 Deutschland
1571 711 1677 766 p.67

97 785 145 839 (J.
167 785 299 825 Franz
329 783 369 825 C.
392 785 420 824 Ι.
444 783 490 824 G.
512 783 565 822 111
588 783 689 823 Add.
713 795 753 835 p.
775 782 883 822 4423
915 794 955 822 n.
975 782 1084 822 4269
1102 782 1140 833 b,
1166 782 1203 821 4.
1254 781 1678 833 Lehas-Waddington

96 855 219 895 inser.
240 853 306 905 111,
331 850 470 906 4254).
520 852 641 892 Multo
670 851 898 892 accuratius
918 851 1133 904 exscripsit
1163 854 1202 890 et
1224 851 1510 890 commentario
1532 851 1679 891 doctri-

96 935 173 964 nae
193 926 234 963 et
252 922 446 962 acuminis
465 922 584 974 pleno
604 921 818 961 illustravit
838 920 883 960 Ο.
902 920 1119 971 Benndori',
1151 920 1273 960 Beitr.
1295 931 1370 959 zur
1388 920 1494 960 alten
1515 919 1676 972 Gesch.‚

96 991 336 1034 Festschrift
364 991 431 1031 fiir
460 989 504 1030 Ο.
530 989 756 1030 Hirschfeld
784 1002 825 1044 p.
850 988 902 1029 75
918 990 962 1029 Α.
1024 990 1069 1029 R.
1094 989 1248 1041 Cagnat
1277 990 1400 1029 Inscr.
1431 989 1498 1029 Gr.
1530 990 1583 1028 ad
1612 1001 1677 1030 res

97 1062 211 1102 Rom.
232 1064 336 1114 pert.
358 1061 411 1100 111
440 1073 480 1114 p.
503 1060 585 1100 223
618 1072 656 1099 n.
681 1058 763 1099 607
780 1059 824 1098 Β.

211 1171 408 1231 Αἴχμων1
431 1170 774 1228 Ἀ[π]ολλοδότουῖ
803 1172 1117 1228 Σαρπηδόνιοςῧ,
1151 1171 1156 1226 1
1188 1171 1451 1227 ναυαρχήσας
1480 1168 1585 1214 κατὰ
1607 1172 1679 1213 πό-

163 1259 169 1263 ·
212 1245 331 1298 λεμον
367 1242 413 1284 ἐκ
440 1239 601 1282 πάντων
632 1241 815 1283 Λυκίων4
847 1239 853 1296 Ι
885 1239 954 1281 καὶ
983 1239 1356 1296 καταναυμαχήσας
1385 1239 1477 1296 περὶ
1505 1238 1680 1282 Χελιδο-

189 1381 344 1414 Litterae
366 1380 508 1414 ΑΞΠΣ.
630 1381 644 1411 4
682 1378 823 1412 Nomen
852 1387 1043 1427 perrarum
1079 1386 1196 1420 neque
1221 1377 1340 1411 adhuc
1363 1386 1521 1420 usquam
1546 1379 1614 1411 nisi
1639 1379 1676 1411 in

97 1439 207 1482 Lycia
236 1438 434 1471 inventum.
470 1435 660 1469 Benndorf.
708 1437 853 1469 Praeter
876 1429 1142 1468 hunffiitulum
1170 1436 1332 1468 occurrit
1356 1436 1391 1468 C.
1409 1436 1434 1467 I.
1453 1435 1491 1468 G.
1509 1434 1639 1478 4499ὁ,
1659 1438 1672 1468 4

97 1495 305 1538 (Telmessi).
359 1494 448 1527 Bull.
482 1493 527 1526 de
555 1502 650 1527 corr.
682 1493 768 1526 Hell.
798 1493 910 1526 XVIII
942 1495 1029 1526 4894
1056 1502 1091 1535 p.
1111 1495 1176 1526 328
1201 1502 1235 1526 n.
1254 1495 1346 1536 ⁴5,2
1379 1493 1569 1535 (Limyris).
1626 1493 1677 1526 De

97 1554 252 1588 flexione
287 1551 332 1586 cf.
355 1561 390 1585 n.
409 1550 507 1585 5542.
632 1553 651 1583 2
685 1551 763 1584 Hoc
793 1559 939 1593 quoque
972 1559 1104 1584 nomen
1134 1551 1172 1583 in
1201 1551 1271 1583 illis
1305 1551 1541 1593 potissimum
1572 1550 1676 1584 Asiae

71 1629 74 1635 ·
94 1610 303 1654 regionibus
325 1609 502 1643 usitatum
526 1608 637 1642 fuisse
654 1607 867 1641 observavit
882 1607 1071 1650 Benndorr‚
1096 1616 1304 1650 provocans
1329 1607 1374 1641 ad
1398 1607 1547 1640 titulum
1571 1608 1596 1640 1.
1615 1608 1674 1640 Gr.

96 1669 192 1712 Sept.
217 1669 243 1710 1,
268 1669 369 1710 4760,
387 1668 430 1699 24
454 1662 695 1703 Ἀπολλόδοτος
719 1663 858 1711 Δημέου
875 1663 1002 1702 Λύκιος
1026 1664 1093 1699 ἀπὸ
1110 1662 1257 1700 Ξάνθου.
1376 1668 1394 1697 3
1428 1665 1527 1698 Idem
1552 1666 1676 1699 demo-

95 1727 210 1759 ticum
242 1720 439 1770 (Ἀντιγένης
461 1719 687 1757 Ἀπολλωνίου
714 1720 958 1769 Σαρπηδόνιος)
990 1723 1026 1756 in
1060 1723 1165 1756 titulo
1196 1733 1217 1756 a
1249 1731 1288 1756 se
1319 1724 1354 1756 in
1379 1723 1586 1756 Tloensium
1612 1733 1677 1766 op-

91 1783 179 1826 pido
215 1781 397 1823 exscripto
421 1781 574 1814 inveniri
598 1782 753 1814 testatur
770 1780 953 1813 Benndorf
973 1789 1007 1823 p.
1027 1783 1069 1813 ’19
1095 1782 1170 1813 not.
1189 1783 1221 1822 8,
1247 1781 1310 1823 qui
1334 1780 1430 1813 idem
1456 1782 1580 1813 monet
1596 1790 1678 1814 om-

94 1841 180 1874 nino
209 1847 389 1882 pagorum
425 1836 567 1882 (δήμων)
601 1839 747 1871 nomina
780 1839 818 1871 in
854 1839 964 1880 Lycia
995 1838 1041 1871 ab
1075 1838 1248 1871 heroibus
1285 1838 1383 1871 illius
1427 1839 1586 1880 regionis
1615 1838 1676 1871 de-

95 1898 206 1931 rivari
233 1897 477 1939 consuevisse,
506 1898 548 1929 ut
571 1896 704 1929 Xanthi
726 1890 911 1939 Ἰοβάτειος
934 1896 983 1937 (C.
1001 1896 1025 1928 I.
1045 1896 1083 1929 G.
1110 1894 1239 1937 426911,
1257 1898 1289 1928 4.
1308 1898 1339 1928 2.
1358 1898 1389 1928 5.
1437 1896 1620 1929 Benndorf
1640 1898 1678 1929 et

94 1955 271 1989 Niemann
304 1955 433 1987 Reisen
464 1954 514 1986 im
550 1954 667 1987 siidw.
703 1954 905 1987 Kleinasien
937 1954 951 1986 1
981 1963 1015 1996 p.
1035 1956 1077 1986 93
1109 1963 1143 1986 n.
1163 1956 1216 1996 84,
1235 1955 1267 1986 Ιι.
1299 1955 1353 1996 82,
1372 1956 1404 1987 4.
1444 1962 1478 1996 p.
1498 1956 1539 1986 94
1568 1963 1600 1986 n.
1621 1956 1674 1987 85.

96 2013 264 2046 Petet-seu
279 2013 316 2045 et
331 2012 495 2045 Luschan
512 2011 597 2044 ibid.
616 2012 645 2043 11
668 2015 731 2053 p.5
750 2014 850 2054 n.⁴3,
862 2014 892 2044 4.
905 2013 948 2054 2),
973 2011 1037 2044 Tlo
1053 2008 1363 2056 Βελλεροφόντειος
1389 2011 1435 2053 (C.
1450 2011 1475 2044 1.
1491 2011 1529 2044 G.
1546 2010 1675 2054 423512,

97 2072 152 2103 44.
170 2070 236 2113 36),
266 2070 304 2103 iu
332 2070 464 2111 ignotis
490 2068 698 2109 civitatibus
723 2069 846 2102 Glauci
874 2070 911 2102 et
934 2069 1081 2112 Telephi
1109 2077 1223 2111 pagos
1254 2069 1385 2111 (Steph.
1403 2069 1487 2111 Byz.
1518 2065 1674 2103 Γλαύκου

97 2126 218 2172 δῆμος,
248 2125 282 2160 ἐν
313 2124 436 2171 Λυκίᾳ,
469 2126 515 2163 ὡς
542 2121 756 2170 Ἀλέξανδρός
786 2137 899 2171 φησιν,
930 2124 996 2159 ἀπὸ
1027 2123 1182 2160 Γλαύκου
1214 2128 1275 2159 τοῦ
1304 2124 1431 2171 ἥρωος.
1473 2123 1490 2158 ὁ
1522 2125 1676 2171 δημότης

95 2181 367 2227 Γλαυιοδήμιος.
399 2201 447 2207 ——
475 2181 647 2229 Τηλὲφιος
679 2182 788 2228 δῆμος
818 2182 878 2216 καὶ
907 2181 1069 2228 Τηλέφου
1105 2183 1217 2229 κρήνη
1249 2181 1379 2221 Λυκίας
1402 2201 1450 2207 -
1471 2182 1510 2217 τὸ
1540 2182 1675 2217 ἐθνικὸν

95 2238 265 2286 Τηλὲφιος
298 2238 322 2284 ἢ
358 2238 571 2285 Τηλεφιεύς).
624 2240 929 2283 Sarpedoniorum
965 2250 1100 2283 pagum
1133 2241 1371 2274 Benndorfius
1414 2242 1548 2274 conicit
1594 2250 1674 2273 eam

97 2299 329 2341 potissimum
354 2299 494 2340 partem
518 2298 644 2340 oppidi
667 2298 910 2331 Xanthiorum
942 2298 1064 2341 fuisse,
1100 2300 1137 2331 in
1167 2308 1242 2341 quo
1273 2300 1367 2331 intra
1398 2299 1542 2331 moenia
1571 2298 1674 2331 urbis

95 2355 193 2389 illius
225 2355 345 2388 herois
377 2355 569 2388 delubrum
595 2356 705 2388 situm
731 2358 835 2388 esset.
892 2355 940 2388 Cf.
971 2356 1122 2398 Appian.
1147 2355 1223 2389 Civ.
1249 2355 1307 2398 IV,
1326 2358 1368 2388 78
1400 2353 1577 2389 κάνταῦθα
1605 2359 1673 2388 τῶν

99 2411 161 2457 μὲν
186 2410 476 2457 συμπλεκομένων
502 2410 591 2457 σφίσι
613 2414 814 2458 κρατοῦντες
838 2413 1001 2454 (Romani
1025 2414 1088 2455 qui
1111 2413 1149 2445 in
1174 2412 1351 2455 oppidum
1368 2413 1585 2454 irruperant,
1610 2411 1674 2444 sed

96 2471 210 2512 portis
234 2470 366 2503 clausis
390 2479 411 2502 a
435 2469 574 2511 reliquo
596 2471 758 2503 exercitu
773 2471 959 2503 interclusi
983 2470 1107 2512 erant),
1130 2468 1347 2514 τοξευόμενοι
1372 2469 1407 2502 δὲ
1428 2467 1590 2515 χαλεπῶς
1616 2468 1675 2502 καὶ

96 2524 192 2559 οὐδὲν
218 2525 357 2572 ἔχοντες
380 2523 476 2559 αὐτοὶ
498 2525 593 2565 τόξον
617 2525 640 2570 ἢ
666 2525 831 2568 ἀκόντιον,
855 2525 950 2571 παρὰ
963 2527 1002 2560 τὸ
1021 2524 1285 2572 Σαρπηδόνειον,
1310 2525 1366 2559 ἵνα
1385 2525 1433 2570 μὴ
1451 2524 1672 2567 κυκλωθεῖεν,

96 2581 287 2627 διέδραμον.
336 2584 378 2616 79
413 2580 567 2617 Ξανθίων
593 2583 630 2617 δὲ
662 2583 720 2617 σὺν
754 2582 886 2629 μεγάλῃ
917 2583 1004 2617 πάνυ
1037 2583 1104 2631 βοῇ
1132 2587 1206 2621 τοῖς
1238 2582 1327 2629 ἀμφὶ
1357 2583 1396 2616 τὸ
1422 2581 1672 2628 Σαρπηδόνειον

97 2637 174 2672 οὖσι
185 2635 374 2684 Ῥωμαίοις
389 2638 602 2674 ἐπιθεόντων.
721 2644 740 2674 Ιι
774 2641 886 2680 Quale
910 2642 1046 2674 bellum
1068 2651 1088 2674 a
1105 2642 1291 2674 communi
1309 2641 1503 2683 Lyciorum
1529 2641 1672 2680 gestum

98 2695 157 2728 hic
179 2697 408 2740 indicaretur,
432 2698 563 2739 insigni
587 2698 752 2731 doctrina
776 2701 813 2731 et
836 2699 1003 2731 acumine
1020 2698 1206 2740 expedivit
1221 2697 1410 2730 Benndorf.
1445 2697 1496 2728 Ac
1511 2697 1672 2737 primum

99 2752 245 2794 quidem
269 2763 362 2796 quae
386 2754 430 2787 de
453 2764 605 2788 escensu
629 2756 663 2787 in
688 2756 851 2788 hostium
875 2757 1010 2788 terram
1035 2758 1118 2797 post
1141 2756 1264 2797 ipsum
1288 2754 1467 2796 proelium
1484 2751 1610 2784 navale
1628 2751 1673 2784 ad

100 2809 324 2843 Chelidonias
353 2812 489 2844 insulas
522 2812 605 2853 (not.
624 2812 655 2852 5)
681 2812 776 2845 facto
802 2813 862 2845 hic
885 2813 1098 2854 legerentur,
1123 2821 1165 2844 ea
1188 2811 1320 2843 indicio
1345 2819 1424 2842 esse
1449 2818 1522 2841 non
1546 2809 1673 2841 contra

98 2866 220 2898 nescio
244 2875 352 2908 quem
375 2870 564 2901 externum
594 2869 736 2902 hostem
761 2869 934 2902 bellatum
960 2878 1050 2911 esse,
1075 2869 1140 2901 sed
1164 2868 1279 2910 ipsius
1304 2867 1434 2908 Lyciae
1460 2865 1671 2897 orientalem

100 2924 252 2965 partem,
283 2924 380 2956 circa
410 2925 601 2967 Corycum,
635 2926 843 2968 Olympum,
882 2926 1045 2958 Phaselin
1084 2925 1227 2967 oppida,
1268 2923 1391 2956 sedem
1426 2921 1510 2954 belli
1541 2921 1670 2963 fuisse3
