1858 3126
211 115 296 158 680

209 252 339 299 λόγιος·
370 257 436 287 τῶν
469 251 685 298 λογιωτάτων
715 251 773 286 καὶ
797 251 968 298 φιλτάτων

256 310 336 353 408,
356 317 372 342 5

210 365 388 412 λογισμός·
437 364 500 400 ὅσα
540 364 759 411 ἀνθρωπίνωι
803 363 970 412 λογισμῶι

258 425 290 467 5,
311 430 362 458 56.
383 430 422 457 57
469 462 472 464 ,

210 479 383 527 λογιστεία
408 480 487 524 509,
506 489 523 515 9

210 537 416 584 λογιστεύω·
440 537 693 584 λογιστεύοντος
716 537 775 571 καὶ
800 536 969 582 ἐπικειμέ-

256 607 317 629 νου
340 595 391 641 τῷ
413 593 583 630 κτισθέντι
604 594 803 640 τετραπόλῳ
829 594 969 639 722,10.

256 651 516 699 λογιστεύσαντα
539 652 599 687 καὶ
629 656 691 697 τῆς
715 650 885 698 ἡμετέρας
908 652 971 686 πό-

257 709 346 748 λεως
370 711 449 754 5οο,
470 715 510 744 12

212 765 428 812 λογιστήριον
469 767 547 810 665,
579 774 631 801 36.
662 774 715 801 73.
774 767 971 815 λογιστήρια

259 824 337 867 665,
358 831 398 857 35

211 879 370 927 λογιστὴς
401 881 553 924 501,10.
583 882 735 923 543,,20.
789 876 845 915 ὑπ’
868 879 971 916 ἀνθυ-

257 937 372 972 πάτων
398 936 543 972 δοθέντα
571 949 607 972 σε
640 938 684 985 τῇ
714 938 871 985 γερουσίᾳ
903 944 970 973 τῶν

255 991 421 1038 Ἐφεσίων
446 994 606 1040 λογιστήν
639 996 718 1039 508,
737 1003 768 1029 6.
811 995 970 1041 λογιστὴν

257 1055 321 1098 τῆς
346 1051 589 1098 λαμπροτάτης
621 1051 868 1098 μητροπόλεως
892 1050 971 1088 Νει-

257 1108 444 1154 κομηδείας
470 1109 548 1153 528,
569 1115 609 1142 15

928 114 1077 148 Indices.

1085 251 1312 300 πολυχρόνιον
1340 250 1438 296 ὑμῶν,
1467 251 1585 299 μάχην
1621 252 1681 287 καὶ
1708 251 1796 287 ὑπο·

1085 308 1165 355 ψίαν
1190 308 1274 354 πρὸς
1299 307 1474 354 ἀλλήλους
1497 308 1615 344 ἔλυσεν
1641 309 1718 353 502,
1737 317 1754 344 9

1041 365 1199 412 μάγειρος
1224 366 1303 409 345,
1322 371 1363 400 22

1041 423 1234 468 μαζόνομον
1257 425 1406 471 χρυσοῦν
1430 423 1510 467 214,
1529 431 1569 458 50

1041 480 1218 526 μαθητής“
1253 478 1413 527 Εὑτύχης
1445 479 1658 527 χαλκουργὸς
1687 480 1745 515 καὶ
1778 479 1796 515 ὁ

1087 536 1249 584 μαθητὴς
1271 535 1409 575 Παῦλος
1434 537 1512 582 590,
1531 544 1549 571 6

1041 594 1228 640 μακάριος·
1253 594 1288 628 ἐν
1311 597 1385 633 τοῖς
1410 593 1682 642 μακαριωτάτοις
1701 593 1797 640 ὑμῶν

1085 655 1219 697 καιροῖς
1243 652 1321 695 519,
1342 659 1372 694 9.
1410 656 1479 687 τῶν
1498 651 1670 700 ὑμετέρων
1683 664 1798 697 μακαυ

1088 708 1260 754 ριωτάτων
1283 714 1412 755 καιρῶν
1437 710 1515 754 519,
1536 716 1574 743 17

1041 765 1247 813 μακαριστός
1256 775 1265 784 ·
1276 765 1436 812 χρήσεως
1449 766 1739 813 μακαριστῆς383,
1749 774 1758 800 ι
1769 774 1798 800 6.

1085 824 1164 866 404,
1186 829 1238 857 12.
1279 823 1484 869 μακαριστὸν
1512 822 1593 871 ἄχρι
1615 824 1730 871 γήρως
1756 843 1794 848 -

1087 885 1186 926 σῶμα
1215 880 1293 924 383,
1317 887 1370 915 39.
1417 881 1626 926 μακαριστὰς
1659 879 1799 918 ἐλπίδας

1088 937 1174 974 ἰδίας
1198 935 1343 972 ἑκάστου
1369 937 1447 981 383,
1469 944 1544 973 108.
1582 943 1799 983 μακαριστῶς

1087 995 1165 1038 383,
1185 1000 1225 1028 23

1001 1075 1006 1133 Ι
1043 1050 1188 1099 μακρός·
1229 1049 1353 1096 ἔθηκεν
1393 1051 1432 1086 δὲ
1465 1051 1524 1086 καὶ
1560 1049 1651 1085 ὅπλα
1686 1049 1798 1094 (ἆθλα)

1089 1111 1223 1155 μακροῦ
1248 1108 1376 1154 δρόμου
1402 1108 1481 1152 339,
1500 1115 1542 1143 83

211 1165 328 1212 λόγος·
364 1164 533 1212 κατέγνων
572 1166 721 1212 ἐμαυτοῦ
755 1166 811 1201 διὰ
845 1167 883 1201 τὸ
921 1167 969 1214 μὴ
1043 1164 1191 1211 μάνδρα·
1221 1165 1316 1211 τόπῳ
1339 1166 1388 1212 τῷ
1413 1164 1587 1212 λεγομένῳ
1611 1162 1800 1211 Ἀγάθωνος

259 1222 444 1269 ἐγνωκέναι
459 1223 517 1257 τὸν
534 1222 634 1270 λόγον
648 1224 726 1268 691,
740 1232 769 1259 3.
810 1223 874 1258 οὐκ
890 1223 972 1258 ἀπε-

1089 1221 1253 1268 μάνδραις
1277 1223 1356 1267 488,
1376 1230 1393 1257 6

259 1279 407 1326 δεξάμην
449 1281 487 1315 σὲ
525 1284 589 1325 τῆς
629 1280 663 1315 ἐν
703 1281 817 1327 λόγοις
852 1282 971 1328 τριβῆς
1042 1278 1198 1325 μαντεία·
1223 1280 1312 1315 κατὰ
1334 1280 1395 1319 τὰς
1409 1283 1471 1314 τοῦ
1487 1278 1569 1315 θεοῦ
1586 1283 1645 1314 τοῦ
1663 1279 1698 1314 ἐν
1715 1278 1799 1314 Δελ-

259 1336 373 1372 ἕνεκεν
398 1338 476 1382 692,
499 1345 525 1372 1.
566 1337 676 1385 λόγων
694 1337 868 1384 ῥηθέντων
893 1338 972 1385 παρ’

257 1394 462 1441 ἀμφοτέρων
488 1397 519 1438 8,
541 1402 615 1430 143.
663 1399 726 1440 τῆς
750 1395 825 1441 περὶ
848 1395 971 1442 λόγους

258 1451 437 1497 ἀσκήσεως
460 1452 538 1496 596,
549 1459 578 1487 6.
619 1451 676 1486 ἐπὶ
692 1451 899 1500 ἀνδραγαθίᾳ
914 1453 972 1487 καὶ

258 1507 375 1554 λόγοις
416 1509 493 1553 709,
522 1515 574 1544 12.
629 1509 819 1555 γενομένων
859 1509 971 1557 λόγων

260 1562 483 1612 Κασσάνδρωι
499 1566 558 1600 καὶ
571 1564 790 1611 Πτολεμαίωι
802 1566 887 1612 ὑπὲρ
901 1567 971 1601 δια-

258 1621 386 1656 λύσεων
417 1624 448 1666 5,
470 1630 499 1657 9.
520 1631 573 1658 10.
602 1643 649 1649 -
676 1623 773 1659 ratio
791 1623 970 1669 peomzia-

257 1690 344 1714 rum
358 1683 588 1725 acceptarum
604 1683 636 1715 et
653 1691 909 1726 expensarum:
932 1682 971 1716 τὸ

259 1736 298 1771 δὲ
315 1756 357 1763 -
375 1736 543 1783 ἀνάλωμα
557 1756 606 1764 -
626 1738 819 1785 ἀνενεγκεῖν
842 1739 887 1787 τῇ
910 1738 971 1773 πό-

258 1794 313 1828 λει
338 1793 377 1828 ἐλ
401 1794 494 1842 λόγῳ
520 1795 598 1839 215,
618 1802 670 1829 35.
711 1795 769 1830 τὸν
794 1795 970 1842 κράτιστον

259 1850 315 1886 ἐπὶ
331 1856 399 1886 τῶν
415 1851 569 1887 καθόλου
586 1851 697 1899 λόγων
724 1853 801 1896 715,
817 1859 848 1887 3.
886 1851 971 1891 ἴδιος

258 1908 358 1955 λόγος
385 1920 417 1943 ν.
442 1909 528 1947 ἴδιος

212 1965 356 2011 λουτήρ-
382 1966 727 2013 γυμνασιαρχήσαντα
752 1966 910 2012 δρακτοῖς
931 1967 972 2001 ἐκ

259 2021 437 2068 λουτήρων
462 2023 600 2066 479,10

213 2079 366 2124 λουτρών
392 2080 471 2123 339,
487 2086 526 2113 33

212 2135 334 2177 λ·όφος
365 2134 460 2175 θεῖος
482 2135 587 2174 τύπος
611 2136 646 2170 έν
677 2136 761 2193 ἀγίῳ
787 2136 884 2184 λόφῳ
909 2150 971 2172 κα-

259 2191 441 2231 θοσιωθείς
466 2193 544 2238 383,
564 2201 601 2227 51

213 2249 335 2297 λόχος·
371 2250 464 2295 ἐμῶν
497 2250 671 2296 προγόνων
704 2249 802 2288 οὗτος
827 2249 864 2285 ὃν
890 2249 971 2297 ὁρᾷς

258 2307 371 2354 ἡρῷος
396 2307 500 2355 λόχος
525 2308 602 2351 383,
621 2315 662 2342 48

175 2409 178 2412 Α
214 2364 424 2412 λυκιαρχέω·
455 2364 733 2412 λυκιαρχήσαντα
765 2367 825 2398 τοῦ
850 2363 971 2402 ἔθνους

260 2421 320 2459 τὰς
362 2424 455 2466 τρεῖς
498 2421 696 2467 συναγωγὰς
742 2424 803 2455 τοῦ
853 2423 971 2455 κοινοῦ

261 2479 339 2520 556,
359 2485 376 2512 e

213 2534 404 2583 λυκιάρχης
429 2536 506 2579 495,
523 2543 553 2570 9.
580 2536 657 2578 568,
678 2542 716 2569 10

214 2592 326 2638 λύμη·
351 2591 546 2640 ἀπόρθητον
558 2592 685 2640 χρόνου
698 2591 822 2636 λύμαις
840 2591 966 2635 383,37

215 2648 337 2697 λυχνία
362 2648 496 2696 μεγάλη
522 2650 600 2693 214,
620 2656 672 2684 13.
694 2656 733 2683 60

215 2706 304 2741 λύω·
331 2705 516 2752 ἐπιστολὴν
536 2705 665 2752 (sigillo
676 2705 905 2752 framyendo)·
929 2705 972 2740 τὰ

263 2763 300 2797 δὲ
316 2764 502 2810 γράμματα
525 2762 629 2802 λύσας
653 2763 711 2797 καὶ
733 2762 972 2809 σημηνάμενος

262 2820 363 2855 πάλιν
383 2819 582 2855 ἀπέσταλκά
598 2831 650 2854 σοι
673 2821 751 2864 315,
771 2828 823 2855 69.
865 2819 904 2855 ού
922 2819 971 2865 μὴ

264 2877 416 2925 δυνηθῇς
440 2877 525 2912 αὐτὰ
549 2876 649 2911 λῦσαι
675 2878 752 2921 315,
772 2884 824 2912 72.
841 2895 888 2902 -
910 2876 971 2922 τὴν

1089 1341 1166 1383 φοῖς
1191 1336 1348 1382 μαντείας
1373 1338 1451 1382 319,
1472 1345 1511 1372 10

1043 1394 1273 1440 μαρμάρινος·
1310 1393 1367 1429 ἐπὶ
1399 1393 1553 1432 πυλίδος
1583 1395 1800 1440 μαρμαρίνης

1089 1452 1166 1495 332,
1205 1459 1256 1486 10.
1320 1450 1369 1490 εἰς
1416 1451 1545 1497 στήλην
1586 1450 1800 1498 μαρμαρίνην

1090 1509 1169 1552 332,
1189 1516 1228 1542 59
1689 1552 1693 1554 V

1043 1565 1242 1614 μαρτυρέω·
1275 1563 1415 1612 εὔλογον
1439 1563 1645 1612 ἡγησάμεθα
1675 1577 1800 1612 μαρτυ-

1089 1628 1190 1670 ρῆσαι
1213 1622 1306 1669 αὐτῷ
1327 1618 1404 1670 παρ’
1428 1621 1527 1667 ὑμεῖν
1552 1624 1630 1666 504,
1653 1630 1704 1657 10.
1743 1623 1801 1656 καὶ

1087 1680 1175 1715 αὐτὰ
1197 1683 1303 1714 ταῦτα
1327 1678 1456 1714 δίκαιον
1485 1676 1693 1725 ἡγησάμεθα
1716 1690 1801 1724 μαρ-

1087 1741 1232 1783 τυρῆσαι
1260 1738 1312 1783 τῷ
1341 1735 1436 1782 ἀνδρί
1472 1737 1550 1780 505,
1577 1741 1628 1771 12.
1676 1747 1802 1782 μαρτυ-

1089 1799 1191 1841 ρῆσαι
1214 1793 1307 1840 αὐτῷ
1334 1792 1378 1827 τὰ
1407 1792 1493 1827 αὐτά
1518 1795 1596 1836 507,
1615 1801 1645 1828 8.
1685 1790 1801 1830 καλῶς

1087 1849 1391 1896 πολειτευσάμενον
1408 1851 1455 1888 ὡς
1474 1849 1531 1884 διὰ
1546 1853 1652 1884 ταῦτα
1676 1860 1801 1894 μαρτυ-

1090 1907 1239 1954 ρηθῆναι
1274 1906 1339 1941 ὑπὸ
1375 1904 1456 1942 θεοῦ
1488 1903 1689 1953 Ἰαριβώλου
1723 1905 1799 1951 κτλ.

1088 1966 1166 2008 640,
1188 1972 1241 1998 14.
1277 1962 1537 2010 μαρτυρηθέντα
1559 1962 1625 1997 ὑπὸ
1647 1967 1717 1997 τῶν
1741 1961 1801 2008 ἀρ-

1087 2021 1271 2069 χεμπόρων
1297 2021 1374 2064 646,
1394 2028 1410 2054 7

1043 2077 1227 2124 μαρτυρία·
1270 2080 1334 2123 τῆς
1369 2075 1580 2123 τηλικαύτης
1616 2076 1800 2122 μαρτυρίας

1087 2134 1181 2175 ἄξιον
1222 2133 1323 2168 αὐτὸν
1363 2132 1592 2179 ὑπολαβόντες
1633 2134 1709 2177 504,
1746 2140 1797 2168 17.

1087 2190 1267 2238 Εὐρυκλέα
1289 2210 1336 2215 -
1360 2189 1536 2237 φθάνομεν
1554 2208 1599 2214 -
1615 2189 1799 2237 μαρτυρίας

1086 2252 1150 2294 τῆς
1185 2247 1263 2294 παρ’
1297 2247 1400 2293 ἡμῶν
1434 2246 1619 2294 ἠξιωκότες
1655 2247 1733 2290 507,
1769 2254 1799 2281 5.

1089 2305 1265 2352 μαρτυρίαι
1293 2306 1406 2349 13,13

1043 2362 1170 2408 μάρτυς
1195 2363 1273 2406 383,
1294 2369 1346 2396 53.
1385 2365 1445 2396 τοῦ
1475 2359 1672 2396 καλλινίκου
1702 2359 1798 2407 ἁγίου

1088 2419 1258 2466 μάρτυρος
1283 2417 1452 2466 Γεωργίου
1478 2419 1557 2461 610,
1573 2426 1590 2452 7

1042 2476 1233 2521 μάσδασνος
1281 2475 1581 2521 (Μακᾱαῃααιηῃα)
1634 2475 1717 2518 432,
1769 2481 1798 2508 1.

1087 2535 1166 2577 434,
1187 2541 1216 2567 1.
1235 2540 1252 2566 4
1652 2539 1658 2546 ·

1042 2590 1233 2637 μαστιγόω·
1261 2587 1498 2635 μαστιγούσθω
1517 2589 1597 2632 483,
1618 2595 1693 2622 177.
1734 2600 1798 2632 μα-

1089 2646 1264 2694 στιγωθείς
1292 2647 1371 2689 483,
1391 2653 1467 2680 179.
1489 2651 1562 2679 182.
1604 2646 1799 2690 μαστειγοῦ-

1089 2703 1167 2739 σθαι
1190 2695 1221 2738 ν’
1242 2703 1392 2749 πληγαῖς
1416 2702 1494 2745 515,
1515 2708 1554 2736 31

1043 2760 1294 2808 μαχαιροφόροι
1315 2760 1396 2804 737,
1412 2766 1429 2793 6

1044 2818 1139 2866 μάχη
1165 2816 1319 2863 passim.
1363 2816 1425 2861 τὴν
1447 2813 1674 2862 πολυχρόνιον
1701 2813 1797 2859 ὑμῶν

1090 2874 1205 2922 μάχην
1240 2874 1299 2909 καὶ
1324 2872 1469 2918 ὑποψίαν
1505 2871 1589 2917 πρὸς
1625 2869 1797 2917 ἀλλήλους
