1858 3126
0 256 15 271 *²
84 266 284 315 φιλαγάθως
299 267 379 310 339,
397 273 451 301 27.
492 265 692 313 φιλαγάθως
707 267 765 301 καὶ
782 279 840 312 με·

13 351 15 354 .
129 324 330 373 γαλομερῶς
354 324 432 364 339,
451 331 492 358 68

6 385 12 414 ³:
77 379 294 429 φιλάδελφος
316 391 352 415 ν.
367 381 439 415 ind.
458 382 505 414 VI

15 457 27 485 ³,
75 436 352 485 φιλανθρωπέω·
381 436 694 484 πεφιλανθρώττηκε
726 439 780 482 90,
802 444 840 472 12

7 503 10 504 ⁷
79 493 324 543 φιλανθρωπία
341 496 488 563 passth

10 571 14 589 ς
78 552 328 600 φιλάνθρωπος
348 553 494 599 paoeim

7 630 12 658 s
85 609 259 658 φιλεργία·
282 610 363 649 τοὺς
387 611 534 658 ἐγγενεῖς
549 607 772 657 Ἀλεξανδρεῖς
787 608 846 643 καὶ

80 680 83 684 ·
131 666 168 702 ἐν
191 666 236 716 τῇ
256 668 357 715 χώρᾳ
380 666 435 701 διὰ
450 666 625 714 φιλεργίαν
645 669 844 701 κατοικοῦν-

79 750 85 756 .
131 735 193 763 τας
216 724 294 768 669,
313 731 354 759 33

14 808 16 812 ,
79 779 286 828 -φιλάχθρως
311 781 389 825 335,
408 788 462 815 25.
482 788 521 815 07

24 879 29 882 ‚
79 837 232 884 ’φιλικῶς
256 838 336 882 335,
356 845 419 872 ιοο

83 892 275 941 φιλοδοξίαι
286 903 295 912 ·
311 894 592 942 παρορμωμένων
609 894 744 929 πάντων
761 893 845 939 πρὸς

9 974 18 991 ;
131 951 171 986 τὸ
202 950 391 997 φιλοδοξεῖν
417 952 495 995 339,
515 959 569 986 91.
614 951 693 990 τοὺς
715 970 762 976 -
786 962 846 997 φι-

19 1023 21 1025 ¹
81 1036 83 1040 ,
132 1006 286 1048 λοδοξεῖν
303 1008 588 1055 προαιρουμένους
607 1008 684 1051 339,
704 1015 757 1042 88.
792 1019 847 1054 φι-

136 1063 324 1110 λοδοξήσας
347 1066 426 1108 764,
445 1072 485 1100 26

81 1119 265 1168 φιλοδοξία
281 1121 359 1165 339,
379 1129 432 1157 36.
445 1130 497 1158 61.
510 1129 562 1156 70.
580 1122 659 1164 472,
675 1128 705 1155 0.
722 1122 801 1164 474,
818 1129 847 1155 8.

138 1178 217 1222 763,
235 1184 274 1213 21

91 1233 279 1282 φιλοδόξους
304 1235 381 1279 339,
401 1242 454 1270 98.
475 1242 550 1269 100.
576 1236 654 1279 556,
675 1242 713 1270 ιο

15 1324 18 1325 ,
83 1290 277 1338 ’φιλοίκειος
309 1292 387 1336 335,
411 1298 465 1326 2ο.
511 1291 684 1337 νομισθεὶς
713 1290 848 1325 πάντων

136 1353 204 1383 τῶν
226 1344 312 1383 καθ’
336 1347 438 1383 αὑτὸν
461 1347 692 1396 χρηστότατος
716 1348 775 1382 καὶ
797 1360 850 1394 φι·

84 1425 87 1430 1
137 1404 367 1443 λοικείοτατος
392 1406 469 1449 593,
489 1413 507 1439 2

10 1488 18 1512 3
93 1462 297 1509 φιλοκαῖσαρ
310 1462 445 1506 379,16.
463 1463 581 1506 419,2.
600 1462 678 1505 420,
690 1468 719 1495 2.
737 1462 850 1505 424,1.

85 1539 94 1545 -
140 1519 219 1564 427,
237 1525 268 1553 2.
295 1519 372 1562 583,
392 1526 422 1553 5.
442 1526 494 1553 11,
516 1526 567 1553 12.
588 1527 627 1553 13

88 1575 346 1624 φιλοκίνδυνος·
369 1575 479 1610 πάντα
503 1575 702 1621 συνέπραξεν
720 1575 852 1614 ἀόκνως

140 1633 198 1668 καὶ
214 1631 457 1679 φιλοκινδύνως
477 1633 556 1676 248,
571 1640 624 1667 38.
657 1632 852 1678 φιλοπόνως

18 1725 24 1734 ,
140 1690 201 1724 καὶ
224 1689 470 1736 φιλοκινδύνως
495 1690 572 1733 553,
593 1697 609 1723 6

13 1739 25 1773 L
86 1746 299 1794 φιλομήτωρ
323 1747 401 1790 766,
421 1753 452 1780 4.
493 1747 542 1780 cr.
560 1748 669 1780 etiam
694 1747 766 1780 ind.
782 1747 829 1779 vl

10 1798 33 1811 ⁷
96 1802 296 1850 φιλονικέω·
333 1802 560 1849 φιλονικοῦσιν
596 1804 674 1846 201,
713 1810 765 1836 13.
802 1810 852 1836 19.

24 1905 28 1911 φ
90 1886 96 1894 .
137 1859 433 1907 -ἐφιλονικήσουσιν
458 1860 537 1903 20¹,
553 1868 592 1894 18

20 1942 31 1958 s
97 1917 269 1963 φιλονικία
293 1918 371 1961 335,
391 1922 408 1950 7

30 1976 33 2014 j
96 1973 295 2021 φιλόπατρις
312 1975 431 2016 357,4.
449 1973 526 2017 358,
539 1979 568 2007 2.
594 1973 672 2017 359,
684 1980 715 2008 2.
734 1974 810 2017 360,
824 1979 854 2008 2.

25 2028 33 2041 ³
89 2049 102 2057 ·
144 2032 221 2075 361,
252 2039 283 2067 3.
319 2031 398 2075 480,
427 2037 479 2066 13.
516 2030 594 2074 566,
626 2037 678 2065 18.
715 2030 792 2073 583,
824 2037 854 2064 7.

8 2113 32 2124 ,,
90 2106 98 2111 -
145 2089 223 2132 640,
243 2096 282 2122 18

91 2144 298 2192 φιλοπάτωρ
324 2145 400 2187 766,
421 2152 449 2178 s.
491 2145 540 2178 cr.
560 2145 670 2178 etiam
695 2145 767 2178 ind.
785 2144 831 2177 v1

9 2206 35 2252 {-
91 2200 298 2247 -φιλοπονίω
338 2201 380 2235 ἐκ
419 2200 615 2246 φιλοπονίας
655 2201 686 2244 8,
717 2208 771 2235 89.
802 2208 854 2234 90.

27 2253 35 2259 ⁷
145 2257 420 2304 προτρεπόμενος
443 2256 492 2294 εἰς
515 2255 658 2302 ἄσκησιν
682 2258 740 2292 καὶ
760 2257 857 2303 φιλο-

145 2313 262 2349 πονίαν
284 2313 364 2351 τοὺς
382 2313 479 2351 νέους
504 2314 581 2356 339,
602 2320 655 2348 38.
674 2321 727 2348 71.
767 2313 857 2348 ὅπλα

149 2369 261 2413 (ἆθλα)
289 2369 486 2415 φιλοπονίας
510 2370 588 2414 339,
609 2377 648 2404 83

6 2411 37 2467 3⁸3³,
102 2427 302 2474 φιλόπονος·
329 2426 520 2473 φιλοπόνως
536 2425 594 2461 καὶ
611 2425 857 2513 φιλοκινδύνως

28 2481 41 2485 ’
94 2502 105 2508 —
150 2484 227 2527 553,
247 2490 264 2517 θ

102 2540 338 2587 φιλορωμαῖος
369 2540 446 2583 379,
477 2546 528 2573 16.
561 2540 639 2583 414,
665 2547 696 2573 2.
729 2541 856 2583 419,1.

10 2589 44 2619 '22
149 2598 227 2641 420,
254 2605 283 2631 1.
320 2597 398 2638 424,
425 2603 455 2629 2.
491 2597 568 2639 497,
600 2603 616 2630 3
656 2597 710 2639 (cf.
748 2599 858 2630 etiam

98 2679 102 2685 ,
149 2654 222 2688 md.
238 2654 294 2695 Vl)

98 2709 203 2756 ,φίλος
229 2710 384 2755 passim.
432 2709 522 2756 φίλοι
553 2708 700 2755 εὐγενεῖς
737 2707 860 2743 δίκαιοι

100 2792 104 2799 ,
151 2767 230 2810 487,
255 2774 285 2801 3.
329 2772 397 2801 τῶν
430 2767 572 2813 πρώτων
603 2766 661 2799 καὶ
690 2777 859 2811 προτιμω-

99 2848 105 2856 .
153 2824 262 2869 μένων
294 2822 401 2870 φίλων
432 2826 492 2857 τοῦ
525 2821 688 2868 βασιλέως
726 2824 802 2865 754,
830 2829 859 2856 3.

98 2896 111 2904 ·
151 2885 218 2914 τῶν
254 2881 396 2925 πρώτων
433 2879 540 2926 φίλων
577 2879 632 2931 99,
660 2886 690 2913 3.
727 2879 803 2921 103,
832 2885 862 2911 3.

924 2652 1053 2699 φρέαρ·
1079 2653 1232 2698 φρεάτων
1257 2652 1335 2694 483,
1357 2658 1431 2685 190.

923 2726 928 2731 ’
974 2715 1042 2742 τῶν
1076 2709 1229 2755 φρεάτων
1260 2709 1433 2750 483,215.
1474 2705 1547 2740 ὅσοι
1580 2704 1611 2739 δ’
1646 2705 1685 2740 ἂν

0 134 15 164 5,
554 129 645 163 V111.
683 129 751 162 Res
776 131 812 163 et
835 129 948 163 verba
972 130 1198 164 notabiIIora.

0 185 3 202 k
76 187 1668 197 m

1585 133 1670 173 719

961 268 1037 311 119,
1056 275 1087 302 4.
1114 268 1190 311 128,
1211 275 1240 302 3.
1269 269 1386 311 141,4.
1414 269 1489 312 155,
1502 275 1532 303 2.
1555 269 1669 312 160,2.

961 325 1037 368 171,
1065 332 1096 359 4.
1138 326 1216 368 255,
1242 332 1271 359 3.
1312 325 1391 368 256,
1410 333 1440 359 4.
1466 333 1495 359 7.
1534 326 1614 369 371,
1641 332 1671 360 2.

961 382 1086 425 373,1.
1122 381 1198 425 374,
1214 389 1245 416 3.
1271 382 1349 425 430,
1370 390 1399 416 1.
1437 387 1505 416 τῶν
1534 381 1671 428 τεράτων

960 437 1069 484 φίλων
1096 439 1172 482 136,
1191 446 1220 472 4.
1268 443 1336 472 τῶν
1362 438 1470 485 φίλων
1493 442 1554 474 τοῦ
1579 438 1673 485 βασι-

958 494 1048 534 λέως
1075 496 1152 539 100,
1173 503 1202 529 1.
1241 500 1310 530 τῶν
1336 495 1443 542 φίλων
1471 496 1579 540 115,4

914 551 1160 598 φιλοσὲβαστος
1183 552 1263 595 480,
1285 559 1336 587 13.
1370 553 1448 596 493,
1469 560 1498 587 9.
1520 560 1572 587 14.
1621 565 1674 598 φι-

960 608 1161 654 λοσέβαστοι
1184 610 1262 653 493,
1283 617 1313 644 3.
1335 617 1386 644 15.
1411 611 1489 654 51-0,
1511 618 1550 645 15

916 665 1117 713 φιλοσοφία·
1146 666 1204 701 τὸν
1229 666 1270 701 ἐκ
1294 666 1496 714 φιλοσοφίας
1521 665 1676 712 βασιλεύ-

962 734 1042 757 οντα
1066 719 1280 766 (Ἰουλιανόν)
1306 724 1383 766 520,
1401 730 1421 757 2

916 779 1099 827 φιλόσοφοι
1123 781 1201 824 712,
1219 787 1250 815 3.
1289 785 1358 814 τῶν
1383 779 1419 814 ἐν
1442 781 1493 826 τῷ
1514 778 1674 825 Μουσείῳ

962 835 1187 882 σειτουμένων
1200 835 1331 872 ἀτελῶν
1348 836 1544 884 φιλοσόφων
1562 838 1640 879 714,
1658 845 1674 870 5

917 893 1160 941 φιλόσπουδος·
1198 893 1456 941 ἀποδεχόμενος
1497 893 1599 928 αὐτοῦ
1638 894 1676 927 τὸ

964 950 1194 997 φιλόσπουὸον
1219 951 1276 986 καὶ
1301 950 1432 989 ἐκτενὲς
1457 951 1534 994 339,
1555 958 1594 986 39

919 1007 1134 1055 φιλοστοργία
1168 1008 1245 1051 224,
1271 1014 1324 1042 2ο.
1357 1008 1435 1050 247,
1461 1015 1491 1041 6.
1524 1008 1602 1050 248,
1623 1013 1675 1041 21.

966 1065 1043 1108 256,
1064 1073 1093 1100 s.
1119 1065 1196 1107 257,
1218 1073 1248 1100 τ.
1273 1065 1351 1107 367,
1372 1070 1402 1098 2.
1428 1064 1566 1107 331,⁷43

920 1121 1151 1168 φιλοστόργως
1184 1122 1263 1164 224,
1292 1128 1344 1155 16.
1375 1121 1454 1163 229,
1480 1128 1509 1154 6.
1543 1121 1620 1163 257,
1648 1127 1676 1154 4.

966 1177 1254 1224 φιλοστοργοτάτη
1279 1179 1357 1221 331,
1378 1184 1418 1212 46

920 1234 1152 1281 φιλοτεχνῖται
1177 1236 1231 1278 51,
1251 1242 1290 1268 ’13

920 1290 1161 1339 φῑῖοτιμὲομαι
1180 1290 1327 1336 passim

922 1347 1096 1395 φιλοτιμία
1115 1347 1260 1393 passim

922 1404 1100 1451 φιλότιμος
1119 1405 1266 1449 passim

922 1461 1140 1509 φιλόχριστος
1164 1461 1252 1507 ἀνήρ
1278 1463 1356 1505 610,
1377 1469 1393 1495 5

923 1518 1043 1564 φίσκος
1069 1519 1146 1562 579,
1165 1526 1195 1552 4.
1221 1519 1299 1562 669,
1319 1525 1372 1553 21.
1392 1525 1433 1552 25

922 1575 1109 1623 φοβέομαι·
1145 1574 1221 1610 ὅσοι
1256 1576 1318 1621 μὲν
1354 1575 1417 1622 γὰρ
1454 1574 1678 1622 ἐφοβήθησαν

969 1631 1175 1670 ἀκούσαντες
1210 1632 1288 1677 περὶ
1321 1631 1583 1677 ἀναμετρήσεως
1619 1635 1681 1677 τῆς

968 1709 1014 1714 -
1037 1688 1181 1736 ἀρχαίας
1204 1693 1268 1735 γῆς
1292 1689 1370 1732 669,
1390 1696 1429 1722 59

924 1745 1045 1792 φόβος
1081 1745 1137 1780 διὰ
1171 1745 1228 1779 τὸν
1264 1744 1332 1780 ἀπὸ
1362 1750 1430 1779 τῶν
1461 1732 1679 1791 γειτνιώντων

971 1802 1114 1849 Θρᾳκῶν
1140 1802 1248 1848 φόβον
1273 1803 1351 1845 339,
1373 1809 1410 1835 17

925 1859 1152 1907 φοινικάρχης
1178 1860 1255 1902 596,
1277 1867 1290 1893 1
1314 1882 1318 1884 -

925 1916 1063 1963 φόλλις·
1089 1915 1226 1962 φόλλεις
1251 1917 1328 1959 521,
1349 1922 1401 1949 24.
1421 1922 1474 1949 26.
1494 1922 1546 1949 27.
1566 1921 1619 1949 29.
1641 1922 1678 1948 30

925 1971 1122 2020 φορολογίαι
1146 1974 1200 2015 90,
1222 1979 1260 2006 12

926 2030 1047 2076 φόρος·
1077 2029 1144 2063 ἀπὸ
1168 2032 1228 2063 τοῦ
1255 2028 1360 2075 φόρου
1390 2029 1448 2063 καὶ
1476 2028 1681 2073 τελέσματος

973 2087 1050 2130 751,
1086 2094 1137 2121 13.
1195 2084 1295 2131 φόροι
1334 2086 1409 2129 199,
1444 2092 1498 2120 24.
1536 2092 1590 2120 25.
1629 2092 1681 2119 27.

973 2144 1050 2187 515,
1063 2151 1115 2178 53.
1146 2141 1225 2180 τοὺς
1243 2141 1281 2176 δὲ
1296 2146 1538 2180 κατοικοῦντας
1558 2143 1591 2176 ἐν
1608 2145 1683 2179 ταῖς

971 2201 1103 2244 κώμαις
1137 2198 1272 2237 ταύταις
1304 2198 1415 2245 φέρειν
1448 2198 1526 2236 τοὺς
1558 2198 1683 2244 φόρους

976 2258 1005 2299 1,
1033 2263 1083 2290 11.
1102 2263 1163 2290 12.
1216 2256 1443 2301 πληρώσαντα
1473 2256 1532 2289 καὶ
1562 2254 1611 2292 εἰς
1644 2254 1682 2288 τὸ

975 2312 1153 2357 ἱερώτατον
1175 2316 1316 2357 ταμεῖον
1332 2312 1411 2350 τοὺς
1429 2311 1538 2357 ἱεροὺς
1560 2310 1683 2356 φόρους

974 2371 1051 2413 565,
1072 2378 1112 2404 17

929 2426 1049 2474 φορτία
1072 2425 1280 2471 λιβανωτικά
1305 2426 1381 2469 132,
1403 2432 1440 2460 11

928 2482 1076 2530 φράτρα·
1095 2482 1130 2517 ἐν
1148 2483 1278 2531 φράτρῃ
1297 2482 1343 2525 (ἐν
1361 2480 1544 2528 Περγάμῳ)
1559 2481 1680 2523 483,87

929 2542 1086 2586 φρᾶτρεμ.
1110 2539 1284 2586 ἀρουᾶλεμ
1307 2539 1385 2582 486,
1407 2547 1423 2572 5

930 2595 1091 2643 φρατρία·
1117 2597 1151 2631 ἐν
1174 2592 1267 2641 Ἰλίῳ
1293 2597 1369 2639 220,
1390 2602 1430 2629 20

1471 2651 1533 2695 τὴν
1551 2650 1684 2696 γραφὴν

974 2763 1105 2811 φρέατα
1151 2764 1356 2811 κεκτημένοι
1407 2762 1455 2808 μὴ
1508 2765 1685 2800 ποιοῦντες

977 2820 1096 2867 στεγνὰ
1122 2821 1311 2866 βλάπτωσιν
1335 2819 1414 2862 τοὺς
1437 2818 1590 2866 γείτονας
1605 2819 1684 2863 483,

979 2884 1042 2913 209
