1858 3126
197 120 280 161 268
414 120 504 153 VIII.
542 120 687 162 Imperii
712 120 863 154 Romani
887 122 1096 164 provinciae
1121 122 1324 156 orientales.
1373 125 1405 156 5.
1430 123 1564 157 Cilicia.
1654 123 1782 166 [577—

199 257 315 299 rediit,
347 266 412 290 nec
449 257 548 299 quod
578 258 799 291 lastinianus
835 259 867 291 ei
904 260 1079 302 imposuit
1110 260 1404 303 Iustinianopolis
1441 261 1503 294 diu
1540 261 1684 295 mansit.
1733 262 1781 295 Cf.

198 314 398 347 Hirschfeld
423 315 445 347 l.
463 315 484 347 l.
604 317 621 347 4
656 317 818 349 Statores
843 318 928 349 sunt
952 316 1122 350 officiales
1148 317 1205 350 vel
1230 318 1467 361 apparitores,
1493 327 1651 360 quorum
1676 327 1784 361 nego-

198 373 290 404 tium
315 373 370 405 est
395 373 523 405 sistere
547 373 723 415 homines,
749 374 771 406 i.
789 382 819 406 e.
833 374 1013 407 adducere
1038 375 1083 407 ad
1108 376 1361 416 magistratum
1387 377 1450 409 aut
1474 376 1662 409 iudicium.
1710 377 1783 410 Ma-

196 430 293 462 xime
306 429 452 472 quidem
468 430 503 462 in
518 431 790 472 provincIarum
804 431 1113 464 administratione
1131 433 1203 465 hoc
1220 433 1470 466 ministrorum
1484 441 1597 475 genus
1612 434 1780 467 occurrit.

197 486 313 519 Probe
338 487 383 520 ab
409 488 460 520 eis
486 487 728 530 distinguendi
753 491 937 522 stratores.
987 489 1037 522 Cf.
1062 498 1094 522 n.
1115 492 1191 531 644,
1211 493 1241 522 5.

286 680 375 723 578
418 684 532 723 Tarsi
554 684 711 724 Ciliciae
740 685 780 723 in
810 685 966 737 pariete
989 685 1122 725 balnei
1143 687 1241 725 novi
1262 682 1630 738 (Jeni-hammam)
1651 697 1784 739 prope

195 753 392 803 templum
430 749 677 804 Olu-djami.
730 753 828 793 Edd.
863 754 1051 805 Langlois
1082 755 1205 794 Inscr.
1237 755 1303 793 46.
1356 755 1417 793 Ex
1448 754 1578 795 Gilleti
1607 755 1783 794 consulis

198 821 448 872 Francogalli
483 822 671 874 exemplo
707 821 780 861 Ph.
812 822 940 862 Lebas
981 824 1148 862 Journal
1188 824 1238 862 de
1279 819 1549 863 l'instruction
1591 823 1784 876 publique

197 901 324 929 mens.
353 890 476 942 April.
509 890 631 929 ⁴854.
693 891 1119 943 Lebas-Waddington
1150 892 1275 932 Inscr.
1308 892 1372 944 ΠΙ,
1411 892 1534 931 ⁴480.
1593 891 1784 932 Omnium

197 959 498 998 accuratissime
530 971 581 998 ex
611 958 828 999 Duchesnii
867 960 1108 1013 apographo
1139 961 1203 999 W.
1226 961 1275 1000 H.
1298 960 1572 1012 Waddington
1603 961 1701 1000 Bull.
1734 961 1784 1000 de

197 1038 301 1067 corr.
326 1028 425 1067 Hell.
448 1028 518 1067 VII
540 1027 680 1079 (4883)
711 1041 751 1080 p.
771 1029 853 1069 282
886 1040 924 1068 n.
945 1029 968 1068 2
1002 1028 1060 1082 (R.
1086 1029 1239 1080 Cagnat
1267 1030 1390 1069 Inscr.
1415 1029 1481 1069 Gr.
1507 1030 1558 1068 ad
1579 1041 1644 1069 res
1665 1030 1781 1069 Rom.

196 1098 299 1148 pert.
323 1096 375 1135 III
404 1109 444 1148 p.
469 1097 552 1135 338
583 1108 622 1135 n.
648 1095 757 1150 880).

313 1203 447 1265 [Ὑπὲρ
491 1209 692 1265 σωτηρίας
729 1207 797 1251 καὶ
840 1209 1006 1251 αἰωνίου
1046 1211 1238 1265 διαμονῆς
1273 1213 1343 1252 τοῦ
1382 1209 1520 1267 κυρίου
1550 1208 1786 1266 Αὔτ]οΙκρά-

313 1293 426 1333 τορος
469 1276 686 1334 [Μ(άρκου)
728 1277 949 1334 Αὐρηλίου]
993 1277 997 1335 Ι
1040 1278 1345 1335 Σ(ε)οι)(ήρ)ο[υ1
1380 1275 1664 1336 ἈλεξάνδΙροο]
1706 1277 1785 1320 Εὖ-

269 1358 287 1389 5
318 1347 457 1402 σεβοῧς
475 1344 707 1403 Ἐυτυ[χοῦς
719 1347 751 1402 2]
779 1346 790 1404 ΙΙ
817 1344 1120 1404 Ἀλεξανδριανὴ
1144 1347 1424 1405 [Σεουηρια]νὴ
1456 1346 1461 1404 Ι
1486 1344 1781 1404 Ἀντωνεινιανὴ

314 1413 536 1471 [Ἃδριανὴ]
576 1416 579 1469 Ι
621 1414 817 1471 Τάρσος3,
857 1418 882 1472 ἡ
923 1418 1059 1472 πρώτη
1100 1416 1182 1471 κ[αὶ
1220 1416 1399 1472 μεγίστη]
1438 1415 1443 1472 Ι
1485 1415 1553 1458 καὶ
1590 1417 1782 1472 καλλίστη

244 1494 285 1526 10
316 1484 586 1540 μ[ητρόπολις]
613 1484 616 1540 Ι
639 1488 715 1526 τῶν
745 1481 780 1541 γ’
802 1486 1027 1542 ἐπαρχειῶν
1041 1488 1068 1539 4,
1090 1484 1324 1540 [Κιλικίας,]
1354 1484 1366 1541 ΙΙ
1393 1482 1605 1542 Ἰσαυρίας,
1628 1485 1785 1527 Λυκαο-

290 1623 445 1655 Litterae
462 1623 568 1656 ΞΠΣ.
679 1626 690 1654 4
729 1624 973 1656 ΣΤΟΥΟΤΟ.
1014 1623 1216 1665 Duchesne,
1230 1632 1312 1655 cum
1329 1623 1433 1656 Gillet
1446 1624 1580 1656 rectius
1598 1624 1716 1657 ΣΕΟΥ
1735 1624 1784 1656 le-

197 1681 317 1722 gisset.
367 1680 433 1713 Sed
471 1681 623 1723 reliquis
656 1680 826 1714 omnibus
862 1681 951 1713 locis
977 1680 1172 1713 Duchesnii
1203 1681 1411 1723 exemplum
1448 1681 1591 1723 plenius
1617 1682 1653 1714 et
1677 1689 1783 1714 accu-

197 1739 311 1771 ratius
347 1739 412 1780 est,
450 1740 491 1771 ut
523 1738 768 1780 discrepantes
799 1739 1013 1780 antiquioris
1047 1738 1248 1780 apographi
1283 1738 1456 1771 lectiones
1480 1739 1629 1771 enotare
1654 1747 1783 1780 super-

198 1804 398 1828 vacaneum
416 1795 594 1828 videatur.
627 1796 794 1828 Ceterum
813 1796 923 1829 alium
945 1796 1092 1828 titulum
1107 1804 1220 1838 paene
1245 1795 1289 1828 ad
1314 1795 1470 1828 verbum
1497 1796 1784 1829 consentientem
1855 1793 1858 1845 Ι

199 1862 284 1885 cum
311 1853 382 1885 hoc
406 1853 518 1886 edidit
534 1853 778 1895 Waddington
803 1854 892 1885 Bull.
918 1853 962 1886 de
987 1862 1082 1886 corr.
1101 1853 1188 1886 Hell.
1206 1853 1268 1885 VII
1287 1855 1375 1886 4883
1402 1862 1436 1895 p.
1455 1855 1516 1886 28⁴
1539 1863 1572 1886 n.
1594 1856 1623 1894 4,
1648 1862 1693 1885 ex
1710 1861 1783 1895 quo

199 1910 371 1943 nonnulla
405 1911 441 1942 in
478 1911 547 1943 hoc
586 1911 752 1953 exemplo
792 1912 926 1943 certius
964 1911 1107 1943 restitui
1147 1911 1259 1943 licuit.
1383 1912 1402 1941 2
1435 1909 1627 1942 Alexandri
1662 1910 1784 1942 Severi

202 1968 394 2007 (222—235
421 1976 456 2009 p.
475 1968 555 2000 Chr.
574 1968 619 2008 n.)
646 1977 777 2001 nomen
803 1969 945 2000 certum
969 1969 1035 2010 est,
1061 1976 1146 2000 cum
1171 1968 1256 2009 quia
1279 1968 1315 1999 in
1333 1967 1446 2000 altero
1463 1966 1631 2008 exemplo
1650 1966 1734 2007 (not.
1754 1966 1785 2007 l)
1856 1978 1858 1980 ·

197 2024 338 2056 litterae
373 2024 528 2057 initiales
564 2026 789 2066 cognominis
814 2027 901 2058 ΑΛΕ
925 2026 1163 2057 conservatae
1193 2025 1288 2065 sunt,
1326 2025 1405 2056 tum
1435 2023 1533 2065 quod
1557 2023 1693 2057 Tarsus
1724 2024 1785 2057 hic
1854 2035 1858 2061 τ

199 2090 330 2113 nomen
356 2076 608 2126 Ἀλεξανδριανή
634 2083 736 2123 gerit.
850 2085 867 2113 3
900 2082 952 2113 Ex
977 2081 1147 2122 nummis,
1173 2082 1214 2112 ut
1237 2079 1480 2122 Waddington
1505 2081 1685 2123 exposuit,
1711 2080 1783 2114 dis·

199 2139 318 2171 cimus
347 2137 580 2170 Tarsensium
617 2139 802 2171 civitatem
829 2138 947 2180 primo
973 2138 1250 2180 appellationem
1278 2132 1441 2183 Ἀῧριανή
1467 2138 1538 2171 sibi
1562 2138 1783 2180 imposuisse

198 2204 352 2238 eamque
382 2204 499 2237 usque
531 2196 574 2228 ad
605 2196 788 2228 Maximini
815 2196 961 2228 Thracis
994 2196 1239 2238 principatum
1266 2195 1468 2228 retinuisse.
1515 2195 1651 2228 Deinde
1675 2195 1781 2228 Com-

199 2253 298 2286 modi
323 2253 477 2295 imperio
502 2253 700 2286 accessisse
723 2249 954 2296 Κομμοὸιανή
980 2261 1098 2294 neque
1115 2262 1201 2285 vero
1226 2252 1322 2285 ultra
1346 2253 1426 2286 eius
1449 2261 1575 2285 necem
1591 2253 1780 2286 mansisse.

199 2310 306 2349 Quod
346 2311 474 2342 contra
515 2307 727 2354 Σεουηριανή
769 2310 933 2352 Septimii
969 2310 1102 2351 Severi,
1148 2305 1380 2353 Ἀντωνινιανή
1421 2309 1623 2343 Caracallae
1664 2311 1781 2343 aetate

199 2369 389 2409 assumpta
413 2375 498 2399 cum
525 2367 586 2399 illo
608 2362 774 2412 Ἀδριανή
799 2366 844 2399 ad
867 2367 1052 2400 Maximini
1076 2375 1194 2410 usque
1219 2368 1463 2409 principatum
1487 2356 1680 2400 mansisse.
1717 2367 1782 2399 Per

198 2425 459 2457 brevissimum
478 2424 624 2457 Macrini
642 2424 887 2466 principatum
907 2433 1119 2467 comparere
1143 2421 1370 2469 Μακρινιανή,
1395 2423 1587 2465 Elagabalo
1611 2425 1782 2466 regnante

199 2482 320 2514 omnia
345 2481 381 2513 id
406 2490 519 2523 genus
544 2482 761 2523 cognomina
786 2481 931 2523 aboleri,
958 2482 1021 2514 sed
1046 2482 1163 2514 redire
1188 2481 1248 2515 illa
1273 2481 1342 2514 tria
1354 2480 1556 2514 Alexandro
1581 2481 1783 2522 imperante

198 2541 235 2572 et
265 2548 402 2571 novum
439 2538 611 2571 accedere
634 2534 898 2583 Ἀλεξανδριανή.
948 2539 1016 2572 Sed
1047 2540 1132 2581 post
1161 2539 1270 2572 huius
1301 2539 1455 2571 mortem
1487 2538 1607 2570 omnia
1639 2538 1676 2570 in
1701 2545 1783 2586 per-

198 2598 351 2639 petuum
376 2595 480 2629 abici.
598 2597 616 2628 4
650 2596 807 2629 Medium
825 2605 869 2628 ex
887 2595 1004 2629 tribus
1023 2596 1212 2629 adiectivis
1230 2593 1372 2641 μεγίστη
1389 2602 1469 2627 esse
1485 2603 1570 2627 cum
1586 2594 1783 2636 Wadding-

198 2657 262 2687 ton
286 2654 358 2686 iam
384 2654 421 2686 in
440 2653 703 2686 commentario
722 2653 945 2687 collectionis
963 2653 1179 2686 Lebasianae
1196 2652 1340 2696 definite
1357 2652 1639 2694 pronuntiasset,
1654 2653 1782 2694 postea

200 2711 344 2753 gemino
370 2710 478 2743 titulo
504 2710 670 2743 Tarsensi
694 2710 840 2743 invento
866 2710 920 2752 (cf.
947 2712 1019 2743 not.
1038 2710 1069 2751 4)
1094 2709 1379 2743 luculentissime
1403 2708 1683 2750 comprobatum
1707 2710 1781 2751 est;

198 2777 283 2801 nam
307 2768 358 2801 ibi
382 2778 416 2801 v.
438 2770 467 2802 4.
486 2771 505 2801 5
531 2768 669 2809 integra
694 2769 836 2800 exstant
860 2765 883 2811 ἡ
909 2767 1051 2812 πρ(ώ)τη
1075 2765 1133 2800 καὶ
1158 2765 1298 2810 μεγίστη
1321 2764 1380 2798 καὶ
1402 2763 1581 2810 καλλίστη.
1629 2766 1780 2798 Litteras

199 2828 228 2859 Α
246 2851 254 2858 .
274 2827 304 2859 Μ
324 2850 332 2858 .
351 2827 393 2868 Κ,
419 2833 513 2867 quae
537 2824 620 2857 inde
644 2834 664 2857 a
691 2825 890 2858 caracallae
923 2825 1128 2866 principatu
1159 2823 1362 2865 legerentur
1386 2823 1423 2855 in
1447 2823 1608 2855 nummis
1632 2822 1781 2856 Tarsen-

198 2883 294 2915 sium
325 2884 361 2915 et
383 2881 692 2916 Anazarbensium
720 2882 763 2923 (n.
782 2881 892 2924 5773),
924 2881 1014 2914 haec
1044 2881 1123 2923 ipsa
1154 2880 1331 2913 adiectiva
1363 2879 1566 2922 significare
1595 2879 1782 2922 perspexit

1841 2595 1858 2853 QMQAAL.
1848 2585 1858 2591 ζ
