1858 3126
183 150 266 192 670

223 292 291 321 τῶν
315 285 448 324 τούτοις
471 285 729 334 προστεθέντων
754 298 940 333 προσγενη-

225 343 341 389 μάτων
378 344 457 387 669,
476 351 530 378 6¹.
584 343 642 378 ἵνα
672 343 773 378 παντὶ
809 343 941 390 ἔκδηλα

223 400 364 446 γένηται
378 400 421 434 τὰ
438 397 494 435 ὑπ’
507 400 594 446 ἐμοῦ
607 400 776 435 σταθέντα
792 402 870 444 665,
887 409 939 436 13.

224 457 290 498 ἔξω
334 463 401 492 τῶν
449 457 515 492 ὑπὸ
551 455 712 503 Μαξίμου
747 457 938 493 σταθέντων

226 516 303 559 665,
323 523 363 550 2⁷

179 571 336 617 ἱστορέω·
374 571 537 619 ἱστόρησα
567 573 646 616 688,
674 580 702 607 1.
757 571 938 618 ἱστορήσας

223 627 406 673 ἐθαύμασα
430 630 509 674 693,
524 637 555 665 4.
595 629 795 677 εἱστορήσας
819 628 938 675 ὑπερε-

223 685 387 731 θαύμασα
407 687 486 731 694,
498 694 528 721 7.
570 687 750 732 ἱστορήσας
766 686 937 733 κατέγνων

224 741 374 786 ἐμαυτοῦ
412 743 468 778 διὰ
502 744 542 778 τὸ
576 745 624 790 μὴ
659 743 846 790 ἐγνωκέναι
879 743 936 776 τὸν

222 799 322 846 λόγον
353 801 431 844 691,
452 808 482 835 3.
536 800 716 846 ἱστορήσας
747 800 808 838 τὰς
842 799 937 838 θείας

224 856 381 904 σύριγγας
413 856 593 903 ἐθαύμασα
624 858 700 902 720,
725 865 754 891 2.
803 857 937 905 ἱστορή-

223 925 282 952 σας
307 914 367 952 τὰς
393 914 551 961 σύριγγας
576 915 656 958 721,
677 922 694 948 3

177 970 322 1016 ἱστορία·
359 972 391 1006 οἱ
417 984 478 1017 μεν
509 971 567 1006 οὖν
592 970 753 1018 Πριηνεῖς
784 972 848 1018 τὴν
874 971 936 1016 μὲν

223 1028 257 1068 ἐξ
280 1029 394 1076 ἀρχῆς
418 1028 648 1075 γεγενημένην
674 1028 791 1066 αὐτοῖς
814 1032 936 1074 κτῆσιν

219 1090 283 1132 τῆς
314 1084 540 1131 Βατινήτιδος
571 1087 688 1132 χώρας
720 1084 935 1119 ἐπεδείκνυον

222 1143 262 1177 ἔκ
285 1155 322 1177 τε
345 1148 413 1177 τῶν
441 1143 596 1188 ἱστοριῶν
620 1142 695 1177 κτλ.
723 1143 776 1186 13,
799 1149 837 1176 12

176 1200 427 1247 ἱστοριογράφοι
452 1201 529 1243 335,
550 1206 613 1234 125

176 1257 266 1295 ἱστός
291 1259 369 1301 6ῑ4,
389 1265 429 1291 29

175 1313 350 1363 ἰχθυϊκός·
393 1315 431 1348 τὸ
471 1314 631 1348 τελώνιον
667 1318 730 1359 τῆς
772 1313 935 1360 ἰχθυϊκῆς

219 1372 298 1415 496,
319 1379 335 1406 9

176 1428 294 1476 ἰχθύς·
333 1428 413 1467 τοὺς
447 1429 504 1463 τὸν
543 1428 642 1476 ἰχθὺν
682 1427 933 1473 πιπράσκοντας

219 1486 298 1529 484,
318 1492 358 1519 26

172 1597 400 1645 καθαρειότης
438 1600 516 1643 329,
540 1607 570 1633 9.
607 1600 685 1642 439,
707 1606 735 1633 6,
790 1598 844 1633 διὰ
870 1599 932 1645 τὴν

220 1656 255 1690 ἐν
287 1660 360 1695 τοῖς
393 1656 648 1701 πιστευομένοις
679 1655 932 1702 καθαρείοτητα

219 1714 297 1757 339,
319 1722 358 1748 14

170 1770 343 1817 καθαρός·
378 1770 659 1818 λυκιαρχήσαντα
690 1769 852 1817 καθαρῶς
875 1769 933 1803 καὶ

218 1827 363 1868 ἐνδόξως
403 1829 481 1871 556,
507 1835 538 1862 4.
604 1827 832 1872 ταμιεύσαντα
871 1830 931 1860 τοῦ

216 1889 333 1919 κοινοῦ
356 1886 521 1930 καθαρῶς
554 1886 632 1928 556,
655 1891 707 1917 13.
761 1884 931 1918 δικαιοδο-

215 1945 340 1976 τοῦντα
362 1941 525 1986 καθαρῶς
554 1942 613 1975 καὶ
646 1940 843 1987 δημοτικῶς
871 1941 930 1975 καὶ

218 1999 319 2037 ὁσίως
344 1999 423 2042 448,
444 2007 473 2032 5.
521 1999 767 2043 τετειμημένον
796 2017 844 2022 -
874 1998 931 2031 δό-

218 2067 292 2101 ρασι
316 2055 484 2100 καθαροῖς
509 2047 539 2101 γ’
563 2056 640 2098 560,
663 2063 701 2088 13

169 2111 376 2157 καθέζομαι·
402 2112 466 2146 οὐκ
490 2111 568 2157 ἀφῶ
593 2111 715 2149 αύτοὺς
739 2110 928 2155 καθεζόμε-

215 2181 268 2203 νοι
291 2170 370 2212 201,
392 2176 442 2202 13.
485 2167 548 2202 οὐκ
575 2168 653 2214 ἀφῶ
679 2167 801 2206 αὐτοὺς
824 2167 938 2202 καθε-.

216 2225 342 2272 σθῆναι
367 2225 417 2263 εἰς
440 2226 501 2271 τὴν
527 2225 623 2259 σκιάν
648 2225 727 2269 201,
747 2231 787 2258 20

169 2282 406 2328 καθηγεμόνες
432 2283 509 2326 383,
529 2289 570 2316 86

168 2339 373 2386 καθηγητὴς
396 2341 475 2383 408,
496 2348 512 2374 8

169 2395 315 2441 καθηκω
335 2396 491 2440 passm.
540 2396 598 2430 καὶ
629 2400 687 2429 νῦν
711 2395 927 2440 καθήκοντος

215 2457 275 2486 τοῦ
299 2457 418 2498 καιροῦ
446 2454 522 2496 771,
542 2461 583 2486 44

167 2509 356 2555 καθιερόω·
374 2508 587 2554 καθιέρωσεν
600 2509 759 2555 ἀργυρίου
774 2508 927 2556 δραχμὰς

214 2566 288 2601 κτλ.
315 2568 392 2611 764,
413 2574 465 2600 56.
518 2566 535 2600 ὅ
565 2578 601 2599 τε
633 2566 773 2611 τέμενος
798 2585 842 2590 —
866 2578 928 2598 κα-

214 2624 375 2669 θιέρωται
399 2625 477 2667 455,
498 2631 550 2659 10.
596 2623 636 2656 ἐκ
666 2628 734 2656 τῶν
758 2622 927 2667 καθιερω-

217 2682 327 2726 μένων
354 2680 487 2727 στηλῶν
519 2681 597 2725 335,
619 2688 694 2715 138.
739 2682 788 2726 τῷ
809 2680 927 2714 καθιε-

215 2740 358 2784 ρωμὲνῳ
400 2738 503 2772 αὐτοῦ
549 2736 729 2784 (βασιλέως
767 2734 926 2772 Ἀττάλου

215 2794 467 2841 Φιλομήτορος)
485 2794 656 2840 ἀγάλματι
673 2795 812 2837 764,33.
853 2798 926 2831 τοῖς

213 2856 354 2900 χρυσοῖς
373 2851 557 2897 στεφάνοις,
576 2850 635 2889 οὓς
649 2850 715 2897 ἐγὼ
728 2851 925 2897 καθιέρωσα

216 2910 292 2952 383,
313 2916 389 2943 139.
431 2909 509 2942 ὅσον
535 2908 573 2941 δέ
597 2909 732 2953 πλῆθος
756 2907 804 2945 εἰς
824 2911 924 2941 τοῦτο

899 148 1050 183 Indices.

1057 285 1272 331 καθείερωσα
1295 291 1468 332 μουσικῶν
1494 287 1573 331 383,
1594 293 1669 322 182.
1709 286 1766 322 ἐκ·

1057 345 1214 388 πώμασιν
1228 343 1278 382 οἷς
1291 344 1358 391 ἐγὼ
1369 343 1587 390 καθειέρωσα
1600 344 1679 389 383,
1690 352 1766 380 159.

1056 403 1176 446 κώμας
1201 400 1241 439 ἃς
1266 400 1335 447 ἐγὼ
1358 399 1573 447 καθειέρωσα
1597 402 1675 445 383,
1691 409 1766 438 192.

1055 456 1271 502 καθιέρωσαν
1305 458 1345 493 ἐκ
1379 463 1448 492 τῶν
1485 457 1579 492 ἰδίων
1613 459 1694 501 479,
1713 466 1765 494 15.

1055 514 1264 562 καθιέρωσεν
1300 515 1339 549 δὲ
1372 515 1422 554 εἰς
1455 514 1587 562 κλῆρον
1620 519 1696 554 ταῖς
1731 515 1767 556 ἓξ

1057 571 1180 618 φυλαῖς
1214 572 1294 616 480,
1322 581 1373 608 10.
1428 572 1564 611 εἰκόνας
1602 572 1768 619 ἀργυρέας

1056 628 1116 663 δύο
1149 648 1197 654 -
1226 628 1438 675 καθιέρωσεν
1474 630 1553 673 480,
1570 637 1601 665 8.
1653 630 1671 664 ὁ
1707 630 1767 677 δῆ-

1058 698 1122 730 μος
1145 685 1353 733 καθιέρωσεν
1378 688 1456 731 520,
1473 694 1525 722 14.
1585 684 1767 733 Ἄδραστος

1053 740 1232 791 Ἀδράστου
1293 743 1497 791 φιλοκαῖσαρ
1555 743 1766 791 καθιέρωσεν

1055 801 1191 844 583,12

1007 857 1215 904 καθίστημι·
1246 857 1457 903 κατέστησαν
1482 853 1534 903 ἐφ’
1551 856 1645 903 ἡμᾶς
1673 856 1708 892 οἱ
1729 870 1767 892 τε

1054 914 1210 961 πρέσβεις
1235 914 1268 948 οἱ
1297 912 1376 959 παρ’
1391 914 1488 959 ὑμῶν
1520 914 1579 948 καὶ
1609 915 1643 949 οἱ
1673 915 1767 961 παρὰ

1053 977 1121 1005 τῶν
1158 970 1333 1018 Πριηνέων
1368 970 1615 1010 ἀποσταλέντες
1653 972 1707 1015 13,
1734 979 1764 1006 2.

1053 1029 1083 1062 εἰ
1105 1047 1148 1054 -
1176 1028 1385 1062 παντάπασιν
1407 1027 1594 1075 κατασταίη
1625 1027 1766 1075 ἀπειρῆ-

1054 1085 1133 1120 σθαι
1171 1086 1232 1131 μὲν
1264 1085 1324 1119 καὶ
1357 1083 1576 1119 κεκωλῦσθαι
1606 1085 1671 1130 τὴν
1703 1097 1766 1120 κα-

1052 1142 1213 1190 κουργίαν
1236 1141 1310 1177 κτλ.
1337 1143 1416 1186 569,
1435 1148 1488 1176 21.
1530 1141 1585 1175 διὰ
1602 1143 1642 1176 τὸ
1660 1141 1765 1188 μήπω

1052 1199 1301 1245 καθεστηκέναι
1324 1199 1367 1233 τὰ
1399 1199 1582 1246 πράγματα
1614 1199 1765 1242 771,18.

1051 1258 1165 1295 τόκοις
1189 1256 1374 1295 ἐλάσσονας
1394 1250 1500 1302 ᾆτησε
1514 1260 1583 1290 τῶν
1599 1255 1768 1291 καθεστα-
1784 1283 1789 1285 -

1051 1314 1180 1348 κόντων
1205 1315 1238 1357 4,
1257 1321 1298 1348 20

1005 1370 1171 1409 κάθοδος·
1204 1370 1240 1405 αἰ
1264 1370 1302 1404 δέ
1331 1369 1373 1404 κέ
1401 1382 1452 1408 τις
1475 1389 1522 1395 -
1544 1369 1660 1416 πρόθη
1688 1370 1765 1415 περὶ

1051 1428 1203 1462 καθόδου
1228 1427 1251 1473 ἢ
1275 1433 1343 1461 τῶν
1370 1427 1558 1474 κτημάτων
1581 1426 1764 1465 ἀποδόσιος

1051 1486 1083 1529 8,
1099 1492 1153 1520 27.
1192 1484 1324 1522 εὐνοίας
1348 1483 1462 1518 ἕνεκεν
1485 1484 1544 1518 καὶ
1561 1482 1763 1530 φιλοτιμίας,

1051 1542 1103 1588 ἣμ
1138 1541 1351 1589 παρέσχοντο
1386 1540 1476 1575 κατὰ
1513 1540 1577 1585 τὴν
1612 1539 1762 1575 κάθοδον

1049 1603 1110 1634 τοῦ
1136 1598 1302 1645 βασιλέως
1325 1594 1494 1644 Ἀντιόχου
1520 1597 1599 1641 248,
1619 1603 1659 1631 12

1003 1656 1210 1694 καθολικός·
1246 1654 1311 1690 οὐκ
1335 1654 1411 1694 ἐξὸν
1434 1657 1510 1692 τοῖς
1540 1653 1764 1700 βουλομένοις

1051 1714 1200 1760 εὐχερῶς
1215 1711 1402 1747 καθολικόν
1417 1723 1450 1745 τι
1458 1710 1616 1752 καινίζειν
1626 1713 1763 1756 669‚47.

1051 1772 1069 1806 ὁ
1100 1770 1340 1816 λαμπρότατος
1368 1767 1556 1806 καθολικὸς
1586 1767 1760 1815 Αἰγύπτου

1050 1829 1128 1872 686,
1147 1835 1179 1862 2.
1217 1826 1416 1865 καθολικῶς
1441 1827 1519 1869 669,
1539 1832 1579 1859 49

1003 1884 1174 1919 καθόλουΊ
1197 1885 1255 1918 τὸν
1279 1884 1455 1929 κράτιστον
1482 1882 1538 1916 ἐπὶ
1560 1887 1628 1916 τῶν
1651 1881 1759 1917 καθό-

1049 1943 1111 1977 λου
1137 1942 1248 1987 λόγων
1275 1942 1352 1984 715,
1373 1948 1389 1974 3

1001 1999 1193 2034 καθοσιόω·
1228 2003 1356 2042 κωμῶν
1381 1997 1427 2029 ὦν
1458 1995 1526 2042 ἐγω
1549 1993 1759 2031 καθωσίωσα

1048 2056 1212 2097 383,141.
1248 2053 1464 2089 καθοσιώσας
1483 2053 1647 2096 383,1o9.
1685 2053 1758 2088 δαι-

1047 2112 1160 2157 μόνων
1187 2110 1359 2156 ἐπιφανῶν
1384 2108 1480 2146 θεῖος
1496 2108 1602 2147 τύπος
1619 2108 1654 2143 ἐν
1669 2109 1756 2157 ἁγίῳ

1045 2168 1143 2214 λόφῳ
1167 2166 1395 2204 καθοσιωθείς
1420 2167 1498 2209 383,
1520 2174 1573 2200 51.
1614 2166 1692 2201 ὅσον
1716 2166 1756 2201 ἂν

1045 2224 1183 2269 ὕστερον
1218 2221 1422 2269 καθοσιωθῇ
1460 2223 1538 2265 383,
1564 2229 1639 2257 103.
1699 2222 1756 2258 ἐπὶ

1044 2280 1321 2325 καθωσιωμένων
1355 2281 1486 2325 βάσεων
1518 2280 1597 2324 383,
1616 2288 1646 2315 8.
1693 2291 1756 2314 κα·
1826 2287 1854 2335 s,

1044 2338 1273 2382 θωσιωμένων
1298 2337 1421 2382 ἡρώων
1438 2336 1634 2382 ἀτιμασθεὶς
1649 2337 1755 2382 νόμος
1826 2333 1835 2388 ἰ

1046 2397 1111 2430 383
1145 2404 1157 2430 1
1169 2403 1206 2430 19

997 2423 1203 2489 καθοσίωσις
1212 2462 1220 2470 ·
1232 2453 1275 2498 τῇ
1289 2450 1429 2496 συνήθει
1441 2449 1646 2485 καθοσιώσει
1658 2449 1754 2496 ἀφιέ·

1046 2522 1149 2556 ρωσεν
1177 2511 1253 2552 723,
1269 2517 1286 2543 9

997 2566 1220 2611 καθυστερεῖν
1234 2567 1313 2609 242,
1323 2573 1352 2600 5.
1379 2564 1414 2598 ἐν
1426 2563 1481 2602 αἷς
1491 2563 1703 2610 (πρεσβείαις)
1716 2562 1752 2598 ἐν
1819 2599 1822 2603 ,
1844 2597 1853 2607 ,

1045 2623 1155 2656 οὐδενὶ
1171 2622 1424 2667 καθυστέρησεν
1442 2621 1459 2655 ὁ
1478 2621 1587 2665 δῆμος
1613 2621 1689 2663 339,
1709 2626 1750 2654 22
1822 2635 1826 2640 ·’

996 2680 1152 2719 καινίζω·
1197 2679 1261 2713 οὐκ
1300 2678 1373 2719 ἐξὸν
1418 2681 1490 2714 τοῖς
1531 2676 1753 2722 βουλομένοις
1814 2697 1819 2700 «

1042 2727 1192 2783 εὐχερῶς
1253 2734 1440 2770 καθολικόν
1497 2745 1530 2767 τι
1590 2732 1751 2772 καινίζειν

1043 2795 1121 2836 669,
1141 2801 1194 2828 47.
1234 2793 1318 2826 ὥστε
1345 2791 1451 2836 μηδὲν
1475 2786 1525 2823 ἐπ’
1543 2789 1653 2823 αὐτῶν
1676 2801 1752 2823 και-

1041 2850 1193 2889 νίζεσθαι
1217 2850 1295 2891 669,
1315 2855 1355 2882 62

995 2907 1200 2940 καινοποιέω
1211 2916 1219 2925 ·
1242 2906 1294 2940 ἀεὶ
1305 2905 1348 2939 τὰ
1359 2905 1645 2949 καινοποιηθέντα
1657 2903 1750 2949 παρὰ
1819 2898 1846 2962 ,ἶ
