1858 3126
249 142 337 184 662

247 277 457 315 ἐπουλῶνες·
484 277 757 323 σεπτέμουιρουμ
781 277 1007 323 ἐπουλῶνουμ

293 335 372 378 486,
392 341 409 367 4

247 391 390 429 ἔππασις
417 391 472 435 80,
492 399 521 425 4.
548 391 626 435 316,
647 400 686 427 10

964 140 1116 174 Indices.

1125 278 1202 322 569,
1231 284 1283 312 20.
1333 282 1396 325 τῆς
1431 284 1499 313 τῶν
1535 275 1593 322 ὑπ’
1627 279 1730 315 αὐτοῦ
1767 282 1837 324 (τοῦ

1126 334 1311 380 Σεβαστοῦ)
1338 335 1560 383 ἐπιταγέντων
1592 335 1698 383 ἔργων
1723 337 1838 373 ἐπιτυ-

1122 392 1201 439 χίας
1225 393 1303 436 678,
1324 400 1341 427 3

247 448 441 495 ἐπωνυμία·
475 450 674 496 συναγωγὴν
699 448 792 488 ἀξίαν
818 448 919 484 οὖσαν
944 453 1006 494 τῆς
1079 448 1246 496 ἐργώδης·
1269 448 1391 496 καίπερ
1416 449 1561 497 ὁρῶντές
1584 463 1659 485 τινα
1676 452 1722 485 ὧν
1742 451 1837 496 ἠξίου

293 505 423 540 ἑαυτῶν
467 507 544 549 (τῶν
586 505 763 552 βασιλέων)
813 505 1006 551 ἐπωνυμίας

293 564 370 607 326,
393 571 432 599 12

247 620 430 666 ἐπώνυμος
469 620 585 668 ἡμέρα
628 621 703 665 194,
739 627 791 655 29.
841 621 918 665 352,
953 629 1005 655 39.

293 677 371 721 763,
392 685 445 712 51.
494 677 669 724 ἐπώνυμοι
698 678 827 724 ήμέραι
856 679 933 722 326,
952 686 1006 714 36.

290 733 362 779 τὴμ
386 733 484 768 πόλιν
507 734 620 780 ἡμῶν,
646 734 748 769 οὖσαν
775 735 878 770 αὐτοῦ
903 734 1007 781 (βασι-

290 790 378 828 λέως
412 788 593 840 Ἀντιόχου)
633 792 811 838 ἐπώνυμον
848 793 1006 836 233,,16.

246 885 248 887 ,
291 847 365 882 ἐπεὶ
394 848 458 894 τὴν
488 849 654 894 τριακάδα
683 853 744 884 τοῦ
778 847 918 897 Μεσορῆ
951 869 1005 894 -,

291 904 420 950 ὁμοίως
451 905 489 939 δὲ
523 907 586 951 τὴν
618 906 910 952 ἑπτακαιδεκάτην
946 910 1007 941 τοῦ

290 960 414 1008 Φαωφὶ
437 981 493 1006 -,
519 962 722 1008 ἐπωνύμους
737 963 952 1008 νενομίκασιν
971 964 1005 998 ἐν

288 1022 363 1058 τοῖς
390 1019 493 1066 ἱεροῖς
518 1022 573 1064 90,
592 1027 646 1054 47.
687 1019 899 1066 τετράπυλον
917 1020 1006 1054 ἐπώ-

287 1088 395 1121 νυμον
417 1080 478 1111 τοῦ
502 1076 681 1111 θειοτάτου
712 1076 877 1122 βασιλέως
902 1076 1003 1123 ἡμῶν

291 1131 482 1172 Οὐάλεντος
508 1134 585 1178 722,
605 1141 621 1167 7

243 1190 445 1237 ἐργάζομαι·
469 1194 641 1239 τεχνεῖται
659 1191 691 1225 ot
713 1191 930 1238 ἐργαζόμενοι
947 1193 1004 1227 τὸν

289 1248 324 1282 ἐν
354 1246 518 1294 Διδύμοις
547 1248 627 1283 ναόν
660 1249 737 1292 472,
756 1255 787 1283 2.
844 1248 901 1283 σὺν
931 1253 1004 1287 τοῖς

286 1304 417 1344 τέκνοις
448 1305 508 1340 καὶ
530 1310 604 1344 τοῖς
629 1305 687 1340 σὺν
719 1305 796 1352 ἐμοὶ
822 1305 1004 1353 ἐργαζομέ-

287 1374 357 1400 νοις
383 1363 462 1407 717,
486 1370 502 1396 9

243 1419 381 1466 ἐργασία
418 1420 496 1463 213,
529 1429 582 1455 45.
635 1419 658 1465 ἡ
698 1424 761 1465 τῆς
795 1419 1003 1466 ἀμειπτικῆς

289 1476 427 1524 ἐργασία
461 1479 540 1521 484,
572 1484 625 1512 28.
674 1477 811 1511 διδῶσιν
846 1477 1002 1524 ἐργασίαν

289 1535 448 1578 (operam
471 1534 562 1577 dent)
589 1535 667 1578 441,
690 1541 752 1568 109

241 1589 421 1637 ἐργάσιμος
443 1595 487 1638 γῆ
514 1592 592 1634 221,
611 1597 665 1626 20.
680 1599 731 1626 30.
749 1599 801 1626 31.
819 1599 871 1626 36.
887 1599 939 1626 66.
961 1599 999 1625 67

241 1646 459 1695 ἐργαστήριον
478 1649 618 1692 629,80.
653 1648 856 1695 ἐργαστήρια
873 1649 949 1692 629,
961 1656 999 1682 77

240 1703 421 1751 ἐργαστής·
453 1705 611 1753 ἐργασταί
639 1706 718 1749 484,
747 1714 776 1740 8.
802 1711 854 1740 23.
876 1713 929 1740 30.
948 1713 1001 1740 39.

287 1761 320 1795 οἱ
343 1765 404 1795 τοῦ
430 1762 609 1809 σταταρίου
637 1762 798 1809 ἔργασταί
824 1763 900 1806 524,
922 1770 937 1797 1

239 1818 570 1866 ἐργεπιστατούντων
587 1821 666 1863 510,
677 1826 729 1854 12.
763 1819 1001 1867 ἐργεπιστατή-

287 1887 390 1911 σαντα
414 1876 584 1916 πολλάκις
609 1877 687 1920 511,
708 1884 747 1910 10

240 1932 452 1979 ἐργολαβέω·
492 1937 567 1972 τοῖς
606 1933 879 1981 ἡργολαβηκόσιν
922 1935 1000 1978 483,

289 1996 341 2024 12,
362 1997 425 2025 100

239 2045 355 2093 ἔργον·
386 2046 445 2080 καὶ
467 2046 560 2093 λόγῳ
591 2048 650 2082 καὶ
674 2048 761 2093 ἔργῳ
791 2048 849 2082 καὶ
879 2049 999 2095 γνώμῃ

285 2104 363 2147 532,
384 2110 435 2138 12.
479 2104 519 2138 ἐκ
543 2103 713 2149 θεμελίων
739 2103 828 2139 ἅπαν
846 2105 884 2138 τὸ
903 2105 999 2152 ἔργον

282 2159 540 2199 κατασκευάσας
566 2162 643 2204 580,
665 2168 695 2195 9.
745 2161 799 2194 ἐπὶ
820 2162 874 2207 τῷ
911 2161 998 2208 ἔργω

283 2215 463 2252 Ἰουεντίου
492 2218 570 2261 661,
596 2225 650 2252 26.
702 2213 880 2265 Ἐπιγόνου
919 2219 1000 2265 ἔργα

282 2275 362 2319 280,
388 2282 418 2309 6.
466 2273 649 2313 ἐπίσκοπος
679 2275 816 2309 πάντων
847 2281 915 2310 τῶν
946 2275 998 2310 ἐν-

283 2332 369 2368 θάδε
398 2332 590 2380 γενομένων
622 2331 728 2378 ἔργων
755 2333 833 2376 611,
854 2340 883 2367 9.
924 2328 998 2367 ἀνθ’

282 2390 330 2422 ὦν
355 2395 422 2423 τῶν
450 2389 621 2436 δημοσίων
647 2389 754 2435 ἔργων
772 2389 857 2434 μετὰ
878 2389 998 2434 ἐπιμε-

282 2444 376 2483 λείας
406 2446 638 2492 προενοήσατο
667 2446 746 2489 495,
774 2454 823 2480 18.
871 2445 914 2479 τὰ
945 2457 997 2479 σε-

282 2501 534 2548 βαστοφαντικὰ
565 2503 728 2550 χρήματα
753 2501 800 2539 εἰς
826 2502 924 2549 ἔργον
954 2503 996 2550 τῇ

281 2558 380 2593 πόλει
414 2560 643 2607 χαρισάμενον
677 2560 755 2602 544,
783 2565 836 2593 21.
889 2558 997 2605 ἔργων

282 2615 456 2662 δημοσίων
495 2621 564 2650 τῶν
605 2616 639 2650 ἐν
671 2612 797 2663 Ῥώμῃ
839 2616 916 2660 543,
944 2622 996 2650 23.

281 2674 364 2719 πρὸς
375 2677 448 2712 τοῖς
460 2677 521 2708 τοῦ
532 2671 749 2709 Κλαυδιανοῦ
764 2673 873 2720 ἔργοις
884 2673 925 2706 67
931 2673 997 2716 8,0.

281 2729 348 2764 ἀπὸ
395 2735 463 2764 τῶν
511 2730 618 2777 ἔργων
662 2729 755 2776 ἡμᾶς
798 2729 997 2776 ἀφιστάντες

280 2788 359 2831 519,
377 2794 430 2823 21.
476 2788 540 2833 τὴν
572 2787 606 2822 ἐν
636 2791 709 2825 τοῖς
740 2786 848 2833 ἔργοις
877 2791 997 2832 πεῖραν

281 2843 311 2877 εἰ
345 2844 537 2891 ῥᾳθυμήσει
566 2843 813 2893 προσδέχεσθαι
845 2844 922 2888 521,
943 2851 995 2878 15.

280 2900 299 2934 ὃ
324 2900 366 2947 δὴ
398 2900 439 2936 ἂν
465 2900 612 2947 μάλιστα
642 2901 690 2940 εἰς
715 2901 812 2948 ἔργον
837 2899 994 2947 ἀφίκοιτο

1124 504 1344 553 Κάσσανδρος
1362 505 1591 556 ἐργωδέστερα
1607 507 1689 542 ὄντα
1697 509 1728 552 5,
1739 515 1811 543 7.2.1
1820 516 1836 543 3

1079 564 1223 611 ἐργῶναι
1247 565 1302 608 46,
1321 570 1339 598 2

1080 621 1228 668 ἔρημος·
1253 621 1311 655 τὸν
1335 621 1439 656 τόπον
1463 624 1524 656 τοῦ
1547 619 1731 669 Κορασίου,
1756 623 1839 669 πρό·

1123 690 1220 724 τερον
1252 678 1478 725 ἀγνοούμενον
1509 680 1567 714 καὶ
1599 679 1727 726 ἔρημον
1758 679 1839 715 ὄντα

1126 736 1203 779 580,
1223 743 1239 769 -ι

1079 792 1236 839 ερημόω·
1262 792 1335 827 ἐπεὶ
1360 793 1485 839 συνέβη
1501 813 1549 819 -
1563 793 1606 828 τὰ
1628 793 1739 842 χωρία
1761 794 1839 841 ἐρη-

1125 849 1274 893 μοῦσθαι
1298 850 1375 894 519,
1396 857 1437 884 32

1079 906 1152 952 ἔρια
1177 907 1338 950 629,139

1079 963 1261 1010 ἐρώτησις·
1310 963 1359 1002 εἰς
1405 963 1465 1003 τὰς
1505 963 1614 1003 ἄλλας
1656 949 1858 1022 ἐρωτήσειςὲ

1125 1021 1263 1065 508,1ο

1080 1075 1204 1123 ἐσθής·

1126 1134 1183 1168 σὺν
1207 1134 1414 1180 πρεπούσαις
1439 1134 1560 1183 ἐσθῆσι
1577 1128 1735 1183 Περσικῷ
1749 1127 1858 1183 γένει

1124 1191 1203 1235 383,
1228 1199 1280 1226 73.
1327 1192 1457 1237 κόσμος
1489 1191 1660 1239 Περσικῆς
1693 1193 1851 1240 ἐσθῆτος

1125 1249 1285 1292 383,1³5
1844 1276 1846 1278 ψ

1079 1304 1217 1344 ἐσθλός·
1249 1305 1364 1341 δίκαια
1389 1306 1495 1342 ἐσθλά
1516 1319 1553 1341 τε
1581 1306 1696 1342 πολλά
1718 1309 1798 1352 455,
1817 1315 1833 1342 1

1077 1361 1185 1397 ἑστία·
1202 1361 1304 1397 ἀπὸτ
1285 1368 1347 1410 τῆς
1364 1362 1475 1402 ἑστίας
1491 1368 1554 1410 τῆς
1569 1368 1686 1410 κοινῆς
1699 1365 1777 1408 233,
1782 1370 1847 1399 72.

1122 1420 1179 1454 ἐπι
1194 1419 1256 1465 τὴν
1273 1419 1391 1465 κοινὴν
1409 1419 1519 1454 ἑστίαν
1545 1422 1623 1466 335,
1643 1429 1696 1456 45.
1737 1419 1846 1467 Κομ-

1122 1481 1278 1524 μαγηνῆς
1303 1476 1414 1515 ἑστίας
1438 1478 1517 1521 383,
1536 1485 1600 1512 226
1846 1469 1858 1495 3

1075 1533 1210 1580 ἑταίρα·
1234 1540 1302 1569 τῶν
1327 1534 1467 1582 ἑταιρῶν
1493 1535 1570 1579 629,
1587 1542 1627 1569 73

1076 1591 1284 1638 ἐταιρισμός·
1320 1597 1488 1638 γυναικῶν
1524 1592 1608 1637 πρὸς
1644 1591 1858 1648 ἑταιρισμόνξΙ

1238 1076 1273 1111 ἐν
1305 1077 1444 1124 ἐσθῆσιν
1474 1077 1649 1125 λαμπραῖς
1682 1080 1760 1124 332,
1783 1087 1836 1115 38.
1849 1030 1858 1149 ἐ

1121 1650 1260 1693 674,16

1076 1705 1224 1749 ἕταιρος·
1259 1705 1318 1740 σὺν
1342 1703 1505 1752 Ἀθηναίῳ
1535 1707 1588 1750 τῷ
1615 1706 1690 1753 ἐμῷ
1712 1705 1834 1753 ἑταίρῳ

1122 1764 1199 1807 202,
1219 1771 1248 1797 7.
1289 1763 1383 1803 ἔδοξε
1405 1767 1479 1802 τοῖς
1503 1762 1646 1810 ἑταίροις
1669 1763 1729 1798 καὶ
1745 1761 1834 1808 Σαβ-

1121 1821 1294 1866 βατισταῖς
1320 1821 1398 1864 573,
1418 1829 1433 1855 1

1074 1878 1229 1923 ἐτήσιος·
1252 1877 1335 1916 θέας
1361 1876 1518 1922 ἐτησίους
1545 1879 1621 1922 529,
1642 1885 1680 1912 18

1074 1934 1268 1982 εὐαγγέλια·
1292 1933 1473 1980 εὐαγγέλια
1489 1934 1546 1968 καὶ
1563 1934 1713 1981 σωτήρια
1730 1933 1832 1969 ἔθυσε

1119 1994 1151 2035 4,
1163 1999 1216 2026 42.
1235 1999 1289 2027 43.
1329 1990 1430 2025 θῦσαι
1446 1990 1484 2024 δὲ
1500 1990 1557 2024 καὶ
1573 1990 1754 2038 εὐαγγέλια
1769 1991 1838 2038 τὴν

1118 2048 1217 2083 πόλιν
1244 2050 1275 2092 6,
1296 2055 1348 2083 31.
1389 2046 1472 2092 ἦρξε
1497 2046 1534 2081 δὲ
1558 2048 1607 2094 τῷ
1621 2047 1742 2093 κόσμῳ
1763 2053 1831 2082 τῶν

1119 2101 1160 2139 δι’
1187 2105 1286 2139 αὐτὸν
1320 2105 1387 2147 (τὸν
1414 2103 1594 2150 Σεβαστὸν)
1629 2103 1842 2152 εὐαγγελίων,

1117 2161 1140 2206 ή
1165 2161 1340 2207 γενέθλιος
1364 2165 1426 2196 τοῦ
1453 2161 1536 2196 θεοῦ
1560 2162 1641 2205 458,
1659 2168 1700 2195 40
1822 2203 1824 2206 ,

1072 2218 1245 2264 εὐανδρία·
1278 2218 1535 2266 κατατροχάσας
1563 2219 1627 2265 τὴν
1657 2217 1801 2266 εὐανδρ
1830 2231 1854 2272 3

1115 2275 1205 2310 κατὰ
1227 2275 1286 2310 τόν
1311 2276 1417 2321 νόμον
1443 2276 1522 2319 339,
1542 2282 1582 2310 84
1831 2272 1852 2285 ‘⁴

1070 2332 1302 2380 εὐαπάντητος
1328 2333 1405 2377 329,
1426 2339 1466 2367 26
1827 2366 1838 2379 „

1070 2389 1226 2435 εὐγενής·
1261 2389 1356 2436 φίλοι
1379 2390 1527 2437 εὐγενεῖς
1557 2388 1678 2424 δίκαιοι
1701 2390 1778 2433 487,
1797 2395 1831 2437 3

1114 2447 1171 2480 τὸν
1209 2446 1445 2493 εὐγενέστατον
1475 2445 1672 2492 ὠρδινάριον
1703 2444 1761 2480 fn:
1796 2439 1843 2474 Γ-

1117 2504 1194 2546 568,
1213 2510 1243 2538 4.
1279 2503 1517 2551 εὐγενεστάτου
1535 2501 1706 2549 Καίσαρος
1722 2502 1798 2546 619,
1813 2498 1822 2540 J

1070 2559 1209 2606 εὐγηρία
1235 2561 1310 2604 168,
1331 2569 1371 2595 55
1822 2559 1824 2561 ’

1070 2617 1293 2663 εὐγνωμόνως
1318 2616 1496 2662 ἐδήλωσας
1521 2618 1599 2661 508,
1619 2624 1636 2651 6
1820 2647 1827 2668 3,

1069 2673 1266 2718 εὐδαιμονία
1310 2675 1341 2717 2,
1376 2681 1429 2707 40.
1488 2674 1564 2717 194,
1599 2681 1630 2708 8.
1686 2674 1764 2718 219,
1802 2674 1822 2701 st

1115 2732 1193 2774 669,
1215 2739 1233 2765 5

1070 2787 1255 2833 εὐδαίμων·
1281 2787 1373 2825 ὅπως
1397 2787 1445 2825 εἰς
1470 2786 1626 2832 βελτίονα
1642 2787 1699 2821 καὶ
1715 2787 1824 2822 εὐδαι
1842 2784 1847 2823 ἱ

1115 2844 1319 2890 μονεστέραν
1358 2843 1583 2891 παραγίνηται
1622 2843 1806 2878 κατάστασι
1849 2866 1855 2871 -

1113 2901 1156 2936 τὰ
1178 2901 1279 2936 κοινὰ
1301 2904 1361 2935 τοῦ
1387 2900 1634 2945 πολιτεύματος
1658 2901 1736 2945 332,
1755 2907 1794 2935 85
