1858 3126
255 121 312 160 54
490 117 579 150 VIII.
619 117 765 159 Imperii
788 116 939 149 Romani
963 116 1174 158 provinciae
1199 116 1400 150 orientales.
1450 119 1481 149 4.
1505 115 1599 150 Asia.
1761 114 1858 162 {458}

368 254 560 310 πάνταῖθ]
583 252 806 301 ὃιατάΕασα
835 256 904 296 τοῦ
935 254 1023 310 βίου
1052 255 1167 310 ἡμῶν
1189 254 1356 309 πρόνοια
1387 253 1563 309 σπουδὴν
1590 254 1840 308 εἰσεν[ενκαΙ-

373 325 485 380 μ]ένη
507 322 576 365 καὶ
598 322 827 380 φιλοτιμίαν
849 321 892 365 τὸ
913 324 1150 378 τεληότατον
1171 324 1245 364 τῶι
1267 321 1360 379 βίωι
1379 322 1671 378 διεκόσμη[σεν]
1700 322 1704 378 Ι
1734 324 1840 365 ἐνεν-

300 404 344 437 35
371 393 526 448 καμένη
543 390 610 433 τὸν
629 391 842 447 Σεβαστόν,
860 392 902 433 ὃν
918 391 974 438 εἰς
991 391 1220 447 εὐεργεσίαν
1237 390 1477 447 ἀνθρώΙπων]
1490 390 1734 448 ἐπλήΙΙρωσεν
1749 392 1850 447 ‹ips-

370 466 455 517 τῆς,
472 461 634 517 [ὦ]σπερ
650 461 768 517 ἡμεῖν
784 459 853 502 καὶ
868 460 950 508 τοῖς
972 457 1061 516 μεθ’
1078 460 1200 516 ἡ[μᾶς
1222 463 1385 516 σωτῆρα
1404 460 1612 516 πέμψασα]
1629 458 1635 516 Ι
1652 459 1718 502 τὸν
1739 461 1843 502 παύ-

372 547 492 573 σοντα
515 530 584 586 μὲν
605 531 792 585 πόλεμον,
821 530 1077 585 κοσμήσοντα
1103 528 1162 584 [δὲ
1187 527 1332 582 πάντα,
1361 526 1499 584 φανεὶς
1526 528 1583 583 δὲ]
1608 527 1613 585 Ι
1637 531 1658 571 ὁ
1679 528 1840 586 Καῖσαρ

371 598 444 647 τὰς
475 599 638 647 ἐλπίδας
667 601 742 640 τῶν
769 599 1049 655 προλαβόντων
1079 599 1091 652 [
1090 621 1607 629 ---------------------
1607 597 1622 652 ]
1625 597 1779 654 Ιέθηκεν
1791 600 1840 653 2⁷,

373 670 417 711 οὔ
452 671 569 725 μόνον
601 667 692 715 τοὺς
722 667 796 724 πρὸ
830 668 950 709 αὐτοῦ
981 667 1210 723 γεγονότ[ας
1241 666 1451 723 εὐεργέτας
1482 665 1841 723 ὑπερβα]Ιλόμενος,

258 822 405 855 fuerunt
429 821 606 863 Phrygiae
631 829 724 862 quae
748 819 932 861 Epictetos
957 817 1208 860 appellabatur
1233 817 1286 858 (cf.
1313 827 1345 850 n.
1367 817 1477 860 445⁴).
1527 818 1642 852 Huius
1665 820 1845 862 Apollonii

256 879 459 913 sacerdotis
491 878 587 910 filius
618 877 763 910 videtur
798 876 1027 918 Menophilus
1063 885 1097 907 n.
1123 877 1199 916 475,
1226 877 1256 907 2.
1306 875 1355 908 Cf.
1387 875 1438 908 ibi
1469 877 1543 909 not.
1569 879 1599 909 3.
1729 880 1771 910 26
1803 879 1843 911 In

257 936 491 970 restituendis
523 934 691 969 versibus
723 934 859 967 mutilis
891 935 1020 966 32—54
1051 932 1374 965 Wilamowitzium
1406 934 1556 967 secutus
1586 942 1668 967 sum
1701 938 1847 977 praeter

256 1003 396 1038 paucos
421 995 534 1036 locos,
559 1001 652 1035 quos
669 992 877 1034 singillatim
895 991 1076 1024 indicabo.
1185 993 1227 1022 27
1261 991 1350 1023 Cum
1368 989 1610 1036 προλαβόντων
1636 992 1681 1025 de
1705 993 1756 1026 eis
1781 994 1845 1035 qul

256 1053 431 1085 laetitiam
456 1051 616 1084 futuram
642 1059 706 1092 spe
731 1051 767 1082 et
791 1049 1010 1091 cogitatione
1034 1049 1305 1090 praecepissent
1337 1047 1407 1081 dici
1436 1049 1639 1082 rectissime
1668 1050 1848 1084 iudicaret

258 1109 573 1150 Wilamowitzius‚
599 1107 894 1149 supplementum
919 1106 1097 1138 sermonis
1121 1106 1205 1138 usui
1223 1106 1539 1139 accommodatum
1565 1114 1604 1139 se
1628 1107 1768 1140 nullum
1791 1109 1845 1140 vi-

258 1167 344 1199 dere
368 1165 555 1208 professus
580 1166 652 1206 est;
679 1173 723 1196 ne
739 1164 818 1205 ipse
834 1163 982 1205 quidem
1001 1163 1120 1204 video,
1146 1172 1229 1195 nam
1257 1162 1360 1195 verbi
1384 1161 1610 1207 ὑπερτιθέναι,
1636 1164 1735 1206 quod
1759 1173 1846 1198 sane

258 1224 427 1256 inferiore
452 1223 569 1256 aetate
600 1223 635 1254 in
660 1221 857 1263 superandi
888 1221 1073 1252 notionem
1105 1219 1194 1252 abiit
1225 1219 1278 1260 (cf.
1305 1229 1338 1252 n.
1358 1218 1482 1263 33929)‚
1511 1221 1639 1263 utique
1670 1222 1844 1265 medium,

259 1291 331 1314 non
368 1281 529 1314 activum
565 1278 676 1312 scribi
708 1278 892 1310 debuerat.
1034 1279 1077 1310 28
1112 1277 1261 1309 Summa
1291 1286 1376 1309 cum
1407 1278 1485 1311 veri
1519 1278 1755 1312 similitudine
1786 1281 1847 1313 hic

258 1341 506 1373 Mommsenus
540 1336 807 1379 deprehendere
844 1335 914 1368 sibi
945 1335 1047 1367 visus
1078 1336 1132 1367 est
1164 1343 1249 1367 eum
1279 1335 1436 1378 Tullum,
1472 1336 1531 1368 cui
1561 1336 1773 1378 Propertius
1809 1339 1847 1370 et

259 1397 476 1430 universum
501 1394 635 1427 librum
667 1394 828 1436 primum
862 1401 1007 1425 sacrum
1039 1400 1119 1424 esse
1144 1392 1260 1424 voluit
1290 1394 1325 1424 et
1349 1392 1395 1425 ad
1419 1401 1529 1435 quem
1561 1395 1749 1436 praeterea
1773 1395 1846 1427 sin-

259 1453 410 1495 gillatim
436 1452 566 1493 elegias
592 1451 670 1483 eius
695 1449 777 1482 libri
803 1451 941 1482 sextam
968 1451 1004 1481 et
1025 1449 1375 1491 quartamdecimam
1399 1451 1556 1492 scripsit.
1597 1451 1738 1483 Etenim
1759 1460 1844 1484 eum

260 1519 304 1543 ex
330 1511 458 1552 poetae
484 1508 704 1541 carminibus
731 1506 802 1540 sub
832 1507 928 1538 idem
961 1506 1034 1538 iere
1058 1508 1204 1548 tempus
1237 1515 1321 1539 cum
1355 1508 1424 1540 hoc
1455 1508 1601 1540 decreto
1633 1509 1847 1551 compositis

262 1575 437 1610 apparere
462 1567 497 1598 in
522 1565 644 1598 Asiam
670 1564 803 1597 abiisse
827 1564 1012 1603 comitem,
1038 1565 1079 1596 ut
1102 1563 1251 1605 quidem
1275 1563 1471 1606 videretur,
1497 1565 1673 1606 praesidis
1699 1566 1847 1607 provin-

260 1626 337 1657 ciae
363 1625 397 1667 (Ι,
417 1627 447 1666 6,
467 1624 537 1665 ⁴103
564 1623 685 1664 ipsum
711 1621 1016 1654 administrationi
1041 1622 1252 1663 provinciae
1276 1620 1482 1654 interfuisse
1507 1622 1542 1663 (Ι,
1562 1625 1592 1664 6,
1610 1624 1651 1654 20
1678 1624 1710 1656 et
1731 1625 1848 1657 vetera

266 1679 386 1716 oblitis
409 1679 498 1714 iura
521 1678 616 1722 refer
639 1677 759 1719 sociis)
791 1680 826 1711 et
850 1679 974 1720 plures
1000 1686 1112 1711 annos
1145 1679 1182 1710 in
1205 1678 1289 1711 Asia
1313 1679 1532 1712 remansisse
1557 1678 1624 1721 (IV,
1651 1682 1706 1722 22,
1731 1682 1744 1712 4
1775 1679 1847 1723 fri-

259 1737 350 1783 yida
374 1740 449 1772 tam
472 1737 604 1771 multos
622 1734 765 1780 placuit
787 1734 856 1769 tibi
883 1733 1036 1779 aymus
1059 1735 1202 1776 aomos).
1242 1736 1318 1768 Etsi
1342 1736 1552 1778 Propertius
1585 1736 1723 1779 ubique
1746 1737 1847 1770 nudo

262 1797 479 1839 cognomine
497 1795 620 1827 Tullus
645 1795 772 1836 utitur,
798 1795 919 1826 tamen
944 1793 1031 1835 quia
1054 1794 1211 1825 amicum
1239 1801 1347 1826 suum
1373 1795 1547 1835 patruum
1563 1793 1736 1827 habuisse
1761 1803 1848 1827 con·

262 1855 379 1887 sulem
405 1853 540 1886 indicat
570 1853 595 1894 Ι,
621 1854 651 1894 6,
677 1854 730 1893 49,
763 1851 904 1893 pridem
936 1852 1170 1893 perspectum
1199 1851 1254 1883 est
1286 1851 1383 1883 hunc
1407 1851 1443 1883 L.
1467 1850 1677 1884 Volcacium
1703 1852 1846 1885 Tullum

263 1912 451 1944 consulem
485 1910 708 1943 ordinarium
741 1910 823 1941 anni
858 1911 899 1940 32
931 1918 962 1941 a.
986 1908 1067 1941 Chr.
1091 1917 1126 1941 n.
1160 1908 1386 1950 (Prosopogr.
1407 1908 1495 1951 imp.
1519 1908 1621 1941 Rom.
1644 1909 1691 1940 111
1721 1917 1755 1951 p.
1781 1911 1845 1942 474

262 1978 296 2001 n.
316 1968 391 2008 625)
424 1976 513 2000 esse.
562 1968 637 1999 Iam
668 1966 789 1998 omnia
821 1968 896 1998 tam
927 1966 1094 1998 accurate
1123 1966 1339 2008 congruunt,
1368 1966 1411 1998 ut
1440 1965 1503 1997 vix
1533 1966 1727 2007 quisquam
1762 1967 1850 2008 post

263 2025 481 2058 Mommseni
513 2024 799 2065 disputationem
832 2023 867 2054 L.
891 2022 1103 2055 Volcacium
1134 2022 1278 2055 Tullum
1308 2023 1404 2055 tituli
1439 2022 1485 2055 ab
1521 2023 1582 2055 illo
1612 2023 1847 2065 Propertiano

263 2082 485 2123 distinguere
510 2081 650 2113 audeat.
700 2080 768 2112 Sed
792 2080 881 2121 quid
915 2082 997 2112 ante
1021 2089 1154 2112 nomen
1179 2081 1355 2122 scriptum
1381 2079 1498 2122 fuerit,
1534 2079 1732 2112 admodum
1757 2079 1848 2112 diffi-

263 2139 332 2172 cile
356 2139 412 2171 est
437 2138 646 2170 diiudicatu.
694 2137 776 2170 Wil.
803 2137 876 2169 fere
901 2136 1049 2181 [πέρυσιν
1076 2135 1142 2179 ἐπὶ]
1175 2139 1238 2170 aut
1266 2137 1372 2170 aliam
1397 2137 1554 2170 similem
1586 2137 1762 2179 temporis
1787 2137 1848 2170 de-

262 2196 463 2229 finitionem
496 2194 607 2228 fuisse
639 2195 780 2227 conicit.
829 2195 874 2226 At
906 2195 937 2227 is
966 2203 1051 2227 cum
1075 2195 1301 2228 Mommseno
1325 2193 1619 2240 γρᾳμματεὺοντος
1649 2194 1695 2227 ad
1724 2194 1847 2236 ipsum

263 2253 407 2286 Tullum
434 2251 551 2294 refert,
584 2251 684 2293 quod
715 2251 824 2283 certis
855 2251 899 2283 de
933 2252 1052 2283 causis
1079 2252 1161 2292 (not.
1180 2252 1233 2292 29)
1267 2251 1356 2284 mihi
1387 2259 1459 2283 non
1493 2250 1681 2293 probatur.
1728 2252 1846 2284 Immo

263 2313 410 2352 tempus
437 2309 571 2342 decreti
588 2308 726 2340 definiri
751 2308 920 2340 existimo
938 2309 1098 2349 primum
1116 2309 1349 2350 magistratus
1365 2308 1516 2341 Romani
1538 2309 1694 2350 nomine,
1720 2308 1848 2341 deinde

265 2367 406 2400 scribae
435 2366 578 2398 concilii
610 2366 829 2398 Graecorum
860 2365 1086 2398 Asianorum.
1140 2365 1185 2398 At
1217 2366 1322 2408 quale
1362 2366 1597 2407 magistratus
1626 2365 1847 2398 vocabulum

265 2424 373 2458 fuerit
397 2423 502 2465 plane
519 2422 712 2464 ambiguus
736 2423 879 2454 haereo.
920 2422 1046 2464 Utique
1071 2419 1267 2455 ἀνθυπάτου
1294 2422 1461 2455 nonfuit.
1501 2422 1593 2455 Nam
1619 2423 1649 2454 si
1674 2422 1756 2464 quis
1774 2431 1847 2456 non

265 2481 444 2523 Propertii
469 2480 611 2512 Tullum
637 2479 700 2511 sed
725 2479 803 2511 eius
828 2480 998 2520 patruum
1017 2479 1209 2522 intellegat,
1234 2481 1276 2511 ut
1299 2479 1359 2511 hic
1382 2479 1460 2521 ipse
1486 2479 1594 2511 fuerit
1613 2479 1848 2520 magistratus

265 2546 426 2581 quocum
450 2537 509 2569 ille
534 2545 657 2569 comes
682 2537 718 2568 et
742 2535 887 2569 adiutor
912 2537 947 2568 in
972 2537 1198 2578 provinciam
1222 2536 1300 2578 iret,
1326 2535 1486 2569 obstabit
1508 2535 1739 2568 intervallum
1763 2537 1847 2578 plus

265 2604 376 2638 quam
402 2595 530 2636 viginti
554 2602 731 2626 annorum
763 2593 856 2625 inter
887 2593 1117 2626 consulatum
1148 2594 1184 2625 et
1215 2592 1563 2626 administrationem
1586 2592 1692 2625 Asiae
1722 2593 1847 2634 ingens

265 2654 303 2685 et
326 2651 479 2694 Augusti
499 2650 711 2693 principatu
735 2658 886 2692 prorsus
911 2649 1131 2682 incredibile.
1167 2649 1262 2683 Natu
1291 2649 1468 2682 minorem
1494 2658 1582 2682 vero
1601 2649 1743 2682 Tullum
1769 2651 1847 2683 tum

264 2718 340 2743 non
366 2708 621 2751 proconsulem
646 2707 683 2739 in
707 2706 802 2739 illam
830 2707 1055 2748 provinciam
1079 2707 1165 2739 iisse
1183 2707 1334 2748 apparet
1358 2715 1401 2738 ex
1419 2706 1596 2747 Propertii
1613 2706 1847 2740 carminibus.

267 2766 336 2799 Sed
360 2766 396 2799 id
420 2766 542 2799 nescio
569 2774 613 2797 an
638 2764 715 2796 fieri
740 2764 901 2806 potuerit
924 2765 965 2795 ut
989 2773 1055 2806 per
1079 2763 1303 2805 aliquantum
1328 2763 1503 2805 temporis
1521 2765 1603 2796 ante
1620 2763 1732 2796 Paulli
1748 2763 1847 2796 Fabii

266 2824 462 2857 adventum
487 2823 546 2855 ille
569 2823 708 2863 legatus
733 2821 962 2862 proconsulis
981 2821 1060 2853 vice
1085 2820 1304 2862 iungeretur.
1345 2820 1443 2858 Quae
1468 2829 1526 2853 res
1543 2822 1663 2853 tamen
1687 2824 1847 2862 quonam

265 2881 447 2914 vocabulo
475 2881 608 2912 Graeco
634 2879 819 2911 enuntiata
846 2877 954 2910 fuerit
978 2877 1073 2910 latet.
