1858 3126
51 116 132 160 ⁶⁹21
750 116 931 158 syringes.
1548 119 1602 160 43
1615 122 1631 160 l

50 252 327 296 appellabantur
350 254 413 296 qui
431 253 581 295 singulis
607 254 726 287 nomis
743 256 935 296 praeerant
959 254 1013 296 (cf.
1039 264 1073 288 n.
1094 254 1190 296 ⁴842)
1216 264 1334 298 neque
1350 256 1498 300 ellipsis,
1524 266 1634 299 quam

49 310 109 343 ille
133 311 272 354 statuit,
295 310 415 344 τούτου
441 319 491 344 sc.
516 313 575 343 τοῦ
600 313 719 355 νομοῦ,
751 311 935 344 credibilis
959 313 1024 344 est.
1074 312 1190 346 Immo
1215 314 1405 355 genetivus
1423 314 1468 346 ad
1484 314 1636 347 Alexan-

48 367 156 401 drum
179 367 383 410 praesidem
408 369 560 411 spectat,
594 369 698 401 cuius
723 368 861 402 nomini
886 368 958 401 duo
983 369 1151 402 homiues
1176 370 1238 412 qui
1264 371 1386 412 ipsum
1412 371 1636 405 comitaban-

49 426 110 459 tur
145 434 212 460 sua
247 425 468 467 adiecerunt,
505 427 546 458 ut
576 426 686 458 etiam
716 425 803 459 alibi
839 427 875 459 in
906 426 1086 460 eiusmodi
1119 427 1233 460 titulis
1263 428 1361 460 haud
1391 437 1473 461 raro
1500 428 1634 462 factum

48 484 114 516 est.
233 485 251 515 3
285 483 390 516 Iuttio
415 491 545 516 versus
570 483 691 526 quarti
715 484 814 517 ΧΙοΚ
839 485 903 516 est.
952 484 991 516 Iu
1017 483 1164 517 duobus
1188 484 1374 527 prioribus
1399 486 1528 519 litteris
1554 494 1636 528 par-

48 528 196 573 ticulam
229 541 309 582 ΚΑΙ,
335 549 445 582 quam
477 540 646 574 Franzius
678 541 714 573 in
744 540 814 574 fine
847 541 1048 583 superioris
1074 549 1203 575 versus
1228 542 1398 584 supplere
1424 543 1562 584 maluit,
1587 543 1637 576 la-

49 597 135 638 tere,
164 598 214 631 oi<
244 606 331 630 vero
361 606 493 631 nomen
523 598 654 640 gentile
684 598 852 631 Latinum
882 598 1076 632 Alexandri
1101 599 1233 632 medici
1258 608 1338 632 esse
1363 601 1453 633 mihi
1478 601 1636 634 maxime

47 653 236 696 probabile
272 654 425 688 videtur.
474 654 565 688 Nam
602 655 733 698 reliqui
757 664 886 689 versus
919 665 1047 689 omnes
1080 665 1100 690 a
1133 657 1258 690 dextra
1284 658 1413 699 integri
1446 660 1541 700 sunt,
1575 667 1636 691 ne-

48 720 120 754 que
157 712 304 746 Franzio
340 709 430 746 Χιὸκ
462 712 726 755 Aegyptiacum
764 713 861 746 illius
898 713 1088 747 Alexandri
1127 723 1260 747 nomen
1298 716 1470 747 statuenti
1515 723 1636 748 assen-

45 769 127 803 tiar.
245 771 262 802 Ιι
296 770 368 803 Aut
391 769 481 803 infra
504 770 603 803 hunc
627 779 775 804 versum
801 770 955 804 verbum
980 771 1123 805 finitum
1148 772 1266 815 periit,
1298 774 1361 805 aut
1389 781 1433 804 ex
1459 773 1635 815 praesidis

46 826 283 870 inscriptione
307 836 342 861 v.
366 829 386 859 Ξ
418 824 598 871 ἐθαύμασα
622 828 681 861 hic
707 830 826 861 mente
856 829 1058 871 supplenda
1087 831 1142 862 est
1173 830 1279 862 tertia
1311 829 1462 871 pluralis
1492 830 1636 863 numeri

46 892 215 926 persona.

132 1093 220 1137 691
263 1097 309 1136 In
340 1097 590 1150 Syringibus.
643 1099 705 1137 Ex
735 1099 847 1138 Saltii
878 1098 1039 1139 schedis
1070 1099 1131 1139 ed.
1156 1100 1358 1139 Letronne
1379 1099 1634 1140 Recherches

46 1174 153 1218 pour
182 1166 312 1205 servir
341 1165 366 1205 a
395 1164 590 1206 l'histoire
610 1167 660 1206 de
680 1157 866 1219 l’Egypte
895 1180 935 1219 p.
960 1166 1027 1206 74.
1081 1167 1235 1207 Comm.
1260 1168 1310 1207 de
1340 1171 1474 1207 statua
1504 1170 1640 1208 vocali-

47 1234 271 1274 Memnonis
291 1246 331 1286 p.
355 1234 437 1274 253
470 1246 509 1274 n.
534 1235 580 1273 5⁴
621 1235 667 1287 (J.
690 1236 820 1274 Franz
852 1235 893 1275 C.
916 1236 944 1275 Ι.
969 1235 1014 1275 G.
1040 1234 1179 1289 478⁴).
1231 1236 1543 1277 Accuratissime
1565 1238 1636 1277 de-

46 1301 237 1342 lineatam
257 1303 360 1342 tituli
381 1303 598 1355 imaginem
618 1305 835 1356 proposuit
854 1305 899 1343 R.
920 1305 1094 1357 Lepsius
1115 1304 1358 1346 Denkmiiler
1377 1317 1452 1345 aus
1472 1305 1634 1359 Aegyp-

46 1371 116 1410 ten
146 1371 230 1410 und
258 1370 498 1424 Aethiopien
529 1372 601 1412 XII
630 1385 671 1426 p.
696 1371 749 1412 76
782 1385 821 1413 n.
846 1373 912 1413 43.

162 1480 381 1540 Βουρίχιος
429 1483 716 1540 σχολαστικὸς1
763 1485 767 1540 Ι
811 1482 1126 1542 Ἀσκαλωνίτηςῖ
1172 1486 1386 1543 ἱστορήσας
1431 1487 1630 1544 κατέγνων

162 1551 350 1607 ἐΙμαυτοῦ
382 1550 450 1594 διὰ
482 1551 525 1595 τὸ
558 1553 612 1610 μὴ
644 1554 863 1610 ἐγνωκέναι
893 1553 958 1597 τὸν
989 1555 1143 1611 λόγονῧ.

139 1702 292 1735 Litterae
322 1691 663 1739 ᾹᾸΔΘΚΕᾸἈΟΦ.
791 1707 805 1736 4
827 1705 1072 1738 vCausidicum
1102 1706 1361 1748 interpretatur
1385 1706 1563 1750 Letronne
1589 1716 1632 1739 ex

48 1758 144 1791 illius
168 1760 296 1792 aetatis
321 1760 594 1804 consuetudine,
624 1762 702 1794 sine
727 1761 839 1795 dubio
865 1764 974 1795 recte.
1024 1763 1072 1795 Cf.
1099 1772 1131 1795 n.
1153 1762 1250 1796 6932.
1370 1765 1390 1795 2
1423 1764 1474 1795 De
1499 1762 1632 1796 verbo-

46 1824 130 1849 rum
154 1816 280 1850 ordine
303 1816 347 1851 cf.
373 1826 406 1850 n.
425 1817 524 1851 6892.
651 1821 668 1850 3
702 1819 795 1857 Quid
826 1820 884 1852 hic
915 1820 1107 1852 Burichius
1141 1820 1211 1852 sibi
1242 1821 1310 1862 ipsi
1346 1820 1535 1863 opprobrii
1561 1820 1631 1863 det,

45 1872 168 1915 paullo
192 1873 386 1907 obscurius
408 1876 472 1907 est.
522 1875 604 1908 Sine
629 1876 741 1909 dubio
767 1878 864 1909 recte
888 1875 988 1921 λόγον
1015 1878 1229 1910 Letronnius
1247 1879 1507 1919 interpretatur
1523 1879 1632 1911 ratio-

0 1943 5 1965 ς
45 1938 140 1972 nem,
165 1939 275 1972 quam
301 1939 341 1964 se
365 1940 437 1965 non
461 1934 690 1975 perspectam
717 1933 850 1966 habere
874 1934 1029 1967 fateatur
1046 1934 1254 1967 advocatus.
1292 1936 1338 1967 At
1354 1935 1453 1977 quod
1470 1935 1632 1977 adiungit

0 1984 8 2027 ζ,
45 1986 198 2021 fortasse
222 1989 398 2021 rationem
423 1998 495 2031 qua
519 1990 609 2023 haec
626 1991 989 2032 magnificentissima
1014 2001 1124 2034 opera
1148 1992 1332 2025 elaborata
1356 1993 1428 2025 sint
1453 1993 1564 2035 innui,
1596 1993 1632 2025 id

47 2053 187 2086 nequeo
213 2045 380 2087 probare.
428 2046 519 2079 Nam
546 2047 635 2080 haec
659 2049 807 2090 quidem
833 2050 936 2091 ratio,
962 2058 1092 2091 nempe
1118 2051 1159 2081 ut
1184 2051 1347 2082 omnium
1373 2051 1542 2083 maximis
1567 2051 1632 2083 ho-

1 2106 5 2138 ζ
47 2100 198 2133 neribus
222 2101 449 2136 afficerentur
479 2113 581 2145 reges
605 2104 776 2148 defuncti,
807 2106 971 2148 profecto
1001 2115 1045 2138 ne
1075 2106 1300 2139 hebetissimi
1325 2107 1472 2149 quidem
1498 2108 1631 2149 ingenii

0 2168 3 2170 >
46 2157 231 2190 hominem
256 2157 378 2199 fugere
402 2162 555 2202 poterat.
604 2162 721 2195 Immo
745 2164 787 2194 ut
818 2172 850 2195 n.
871 2166 947 2205 688,
973 2166 991 2195 3
1012 2172 1102 2206 sqq„
1134 2165 1186 2196 sic
1215 2164 1275 2197 hic
1304 2173 1451 2206 quoque
1479 2165 1631 2198 indicari

48 2214 137 2246 mibi
168 2214 323 2258 videtur,
358 2217 394 2248 in
424 2218 632 2259 syringibus
669 2221 790 2252 nescio
822 2220 909 2261 quid
940 2221 1104 2254 miraculi
1136 2222 1332 2254 monstrari
1369 2222 1519 2254 solitum
1550 2231 1629 2255 esse

45 2271 370 2314 peregrinantibus,
396 2274 513 2306 simile
536 2275 632 2307 illius
657 2277 735 2308 soni
760 2286 870 2318 quem
896 2278 1098 2311 Memnonis
1124 2280 1242 2311 statua
1267 2278 1412 2320 edebat;
1447 2280 1519 2311 iam
1545 2268 1635 2312 cum*

47 2327 239 2363 Burichius
263 2337 477 2370 persuasum
509 2331 668 2373 haberet,
701 2333 738 2366 id
767 2334 812 2366 ad
837 2335 1038 2367 naturalem
1064 2335 1223 2377 aliquam
1249 2344 1396 2368 causam
1422 2337 1550 2378 utique
1575 2346 1630 2369 re-

46 2384 233 2433 ferendum
259 2394 350 2428 esse,
379 2395 496 2428 neque
522 2389 642 2421 tamen
667 2398 746 2422 eam
771 2392 959 2424 enucleare
984 2395 1120 2435 posset,
1153 2394 1245 2425 hanc
1274 2394 1331 2426 sui
1361 2394 1476 2435 ipsius
1507 2403 1629 2436 repre-

11 2468 15 2470 .
47 2441 256 2475 hensionem
283 2443 391 2485 lapidi
417 2444 619 2485 insculpsit.
1029 2455 1034 2460 ·

133 2649 222 2693 692
264 2654 308 2692 In
348 2655 599 2707 Syringibus.
658 2655 758 2695 Cum
794 2657 1035 2698 Letronnius
1073 2672 1125 2699 ex
1161 2660 1273 2699 Saltii
1311 2661 1471 2700 schedis
1510 2662 1626 2701 titulo

48 2727 89 2757 n.
113 2719 186 2758 69⁴
224 2722 433 2763 adiunctos
463 2724 540 2764 hos
571 2736 716 2764 versus
747 2725 936 2777 dedisset,
969 2730 1078 2766 recte
1109 2728 1155 2766 R.
1185 2729 1354 2779 Lepsius
1385 2728 1628 2769 Denkmiiler

50 2796 123 2824 aus
142 2787 350 2841 Aegypten
368 2792 453 2831 und
471 2793 711 2846 Aethiopien
733 2794 805 2833 XII
834 2807 874 2846 p.
895 2793 948 2833 76
979 2806 1018 2833 n.
1040 2796 1090 2833 44
1124 2797 1330 2847 separavit
1353 2800 1392 2835 et
1411 2797 1627 2849 imaginem

48 2853 153 2893 tituli
182 2861 367 2898 accurate
397 2861 642 2916 delineatam
667 2863 894 2915 proposuit.
