1858 3126
257 122 342 163 600

256 254 473 301 Ἀτταβοκαοὶ
498 254 532 289 οἱ
561 259 630 290 τῶν
662 258 725 301 τῆς
755 254 836 291 θεοῦ
862 253 1014 303 (Μητρὸς

302 312 402 355 θεῶν)
435 311 629 360 μυστηρίων
656 312 778 358 μύσται
808 312 1011 358 (συνμύσται)

304 372 382 414 540,
402 376 457 405 2ο.
482 370 561 414 541,
581 377 597 403 7

256 425 393 472 Αὖμος·
420 426 468 465 είς
491 427 548 461 τὸν
575 426 740 472 δεσπότην
766 425 831 461 Δία
853 426 1012 474 ἀνίκητον

295 478 416 518 (Ἥλιον
441 482 520 519 θεὸν
546 481 663 529 Αὖμον
690 484 767 527 619,
789 491 805 518 3

254 538 432 587 Ἀφροδίτη
461 541 537 584 126,
556 548 586 576 3.
614 542 690 576 142.
715 541 862 585 228,17.
889 541 966 584 364,
982 547 1012 575 2.

301 599 453 641 455,1ο.
489 598 568 641 456,
596 605 647 632 17.
686 597 764 642 525,
791 605 842 632 15.
879 598 956 641 661,
982 605 1013 632 3.

303 656 416 698 675,1

300 710 416 758 Παφία
441 711 1013 755 164,1.165,1.166,1.172‚1.

349 769 463 812 585,1

302 823 521 870 Στρατονικίς
534 825 652 868 228,3.
670 831 721 858 12.
739 825 818 869 229,
835 832 885 860 12.
903 833 954 860 70.
971 832 1009 860 83

345 879 551 928 Ἀφροδίσιον
583 883 712 926 275,1.
760 882 777 916 ὅ
808 894 844 916 τε
873 882 1012 927 τέμενος

391 938 475 977 θεᾶς
504 935 700 985 Ἀφροδίτης
732 939 768 973 ἐν
799 938 895 973 πόλει
919 937 1012 974 Πλα-

392 995 522 1040 ρασέων
553 996 610 1029 καὶ
643 993 880 1042 Ἀφροδισιέων
915 993 1014 1030 καθι-

390 1052 517 1098 έρωται
550 1054 629 1097 455,
650 1060 703 1088 10.
753 1052 792 1087 τὸ
831 1052 916 1098 ἱερὸν
951 1055 1012 1090 τᾶς

389 1106 584 1155 Ἀφροδίτας
639 1113 700 1148 τᾶς
755 1107 1012 1154 Στρατονικίὸος

389 1166 469 1210 228,
490 1172 519 1200 2.
542 1173 595 1201 12.
620 1167 698 1210 229,
719 1173 771 1200 12.
821 1166 855 1200 ἐν
879 1167 929 1213 τῷ
947 1170 1012 1212 τῆς

389 1220 585 1269 Ἀφροδίτης
637 1227 700 1270 τῆς
753 1221 1011 1269 Στρατονικίδος

392 1279 473 1326 ἱερῷ
502 1280 580 1323 229,
601 1287 640 1315 83

253 1392 445 1442 Βακχισταί
468 1394 546 1438 735,
566 1400 596 1428 2.
616 1403 633 1430 6

251 1450 329 1486 Βάλ
355 1452 432 1495 590,
455 1459 470 1484 1

251 1506 489 1555 Βαλμαρκώδ·
525 1507 632 1553 κυρίῳ
668 1507 811 1554 γενναίῳ
848 1506 1011 1555 Βαλμαρ-

297 1564 384 1599 κῶδι
407 1565 457 1611 τῷ
479 1564 538 1598 καὶ
560 1562 696 1611 Μηγρίν
722 1565 798 1608 589,
820 1572 835 1599 1

251 1619 525 1667 Βεελβώσωρος·
562 1619 616 1655 Διὶ
652 1621 736 1669 ἁγίῳ
765 1619 1010 1669 Βεελβωσώρῳ

299 1679 378 1722 620,
399 1684 416 1712 2

251 1735 386 1783 Βῆλος·
414 1733 495 1774 Διὸς
518 1733 639 1782 Βήλου
664 1737 741 1780 646,
763 1743 802 1770 15

255 1791 375 1839 Βήσας
400 1793 479 1837 759,
499 1799 516 1826 2

254 1906 398 1945 Γεννέας
422 1906 502 1945 θεὸς
526 1907 684 1953 πατρῷος
710 1908 788 1951 637,
810 1915 824 1941 1

253 1963 304 2010 Γῆ
331 1965 409 2008 229,
429 1972 483 1998 60.
502 1971 555 1998 70.
581 1965 658 2006 266,
679 1970 733 1999 23.
753 1971 806 1999 51.
832 1965 909 2010 532,
929 1972 945 1999 8

253 2019 408 2059 Γλαῦκος
434 2021 511 2063 552,
531 2028 547 2054 7

252 2132 422 2169 Δέσποινα
444 2134 524 2176 407,
543 2141 560 2168 3

252 2189 423 2238 Δημήτηρ
449 2191 504 2234 83,
523 2197 553 2224 6.
580 2192 657 2234 266,
678 2197 730 2224 24.
750 2197 790 2224 25

344 2247 383 2282 τὸ
406 2250 470 2292 τῆς
493 2245 679 2294 Δήμητρος
704 2247 814 2294 (ἱερόν)
841 2249 895 2292 58,
918 2256 954 2282 10

251 2303 372 2351 Δῆμος

345 2363 379 2397 ἐν
403 2363 454 2409 τῷ
475 2362 608 2408 τεμένει
630 2366 691 2398 τοῦ
715 2362 836 2409 Δήμου
860 2363 919 2398 καὶ
941 2369 1008 2398 τῶν

389 2418 547 2466 Χαρίτων
580 2421 656 2464 117,
676 2427 730 2455 20.
758 2421 833 2464 118,
853 2427 892 2456 23

250 2475 459 2521 Δικαιοσύνη
485 2478 540 2520 83,
561 2484 579 2510 6

251 2533 414 2572 Διόνυσος
450 2534 506 2577 51,
531 2541 562 2568 6.
588 2541 641 2569 19.
679 2535 754 2578 112,
781 2541 810 2568 6.
852 2535 929 2578 229,
955 2542 1006 2569 85.

299 2591 377 2635 331,
402 2597 456 2626 21.
487 2591 565 2634 352,
585 2596 614 2625 1.
640 2596 694 2624 21.
719 2596 771 2624 29.
797 2597 849 2625 30.
875 2597 927 2624 40.
954 2598 1007 2625 57.

255 2672 260 2677 .
300 2654 354 2683 68.
385 2654 438 2682 71.
471 2654 523 2681 76.
561 2647 640 2691 370,
671 2653 702 2682 1.
752 2645 915 2682 Διονύσου
947 2650 1007 2681 τοῦ

297 2703 378 2743 Διός
402 2705 458 2748 54,
478 2712 508 2739 5.
548 2702 701 2749 Διονύσῳ
725 2704 776 2750 τῷ
796 2702 855 2738 καὶ
878 2702 1007 2748 Πετεμ-

297 2761 462 2807 παμὲντει
482 2762 558 2806 111,
570 2769 600 2798 5.
613 2768 643 2795 6.
675 2758 1009 2807 Πετεμπαμέντειτῷ

297 2818 358 2853 καὶ
381 2816 533 2864 Διονύσῳ
561 2819 637 2862 130,
659 2826 688 2853 8.
707 2825 724 2852 9

297 2873 517 2922 Καθηγεμών
543 2876 620 2919 331,
640 2883 668 2909 7.
690 2881 743 2910 27.
763 2881 803 2909 36

971 119 1121 153 Indices.

1175 256 1225 303 τῷ
1254 256 1361 303 κοινῷ
1389 261 1458 292 τῶν
1488 257 1565 303 περὶ
1591 257 1648 292 τὸν
1679 255 1840 292 Διόνυσον

1220 318 1383 361 τεχνιτῶν
1402 314 1456 357 51,
1473 322 1526 349 14.
1551 314 1629 358 352,
1646 321 1676 349 1.
1692 321 1746 349 70.
1773 319 1840 348 τῶν

1221 370 1310 405 κατὰ
1334 367 1473 415 Κύπρον
1498 371 1574 418 περὶ
1598 371 1654 406 τὸν
1677 369 1840 406 Διόνυσον

1221 433 1384 475 τεχνιτῶν
1423 428 1502 471 163,
1526 435 1555 462 3.
1578 434 1611 462 4.
1661 431 1734 466 τοῖς
1764 427 1842 472 περὶ

1084 510 1086 515 ,
1151 526 1158 531 .
1223 484 1280 518 τὸν
1306 482 1467 519 Διόνυσον
1491 484 1660 532 τεχνίταις
1688 485 1767 528 352,
1785 490 1840 519 21.

1225 549 1278 576 57.
1297 548 1351 576 68.
1389 544 1463 580 τοῖς
1478 540 1644 589 τεχνίταις
1667 544 1741 580 τοῖς
1764 541 1841 587 περὶ

1222 598 1278 632 τὸν
1296 596 1459 632 Διόνυσον
1471 597 1532 632 καὶ
1548 597 1650 636 θεοὺς
1661 595 1841 644 Ἀδελφούς

1225 655 1278 698 50,
1303 661 1333 688 2.
1359 662 1390 690 7.
1427 655 1480 698 51,
1503 661 1532 690 1.
1582 659 1650 689 τῶν
1680 655 1755 701 περὶ
1783 654 1840 688 τὸν

1222 709 1384 746 Διόνυσον
1420 711 1478 746 καὶ
1516 711 1619 750 θεοὺς
1654 709 1842 759 Εὐεργέτας

1221 773 1382 815 τεχνιτῶν
1411 769 1486 812 164,
1509 776 1537 803 5.
1566 770 1642 812 166,
1661 776 1692 803 4.
1711 776 1742 803 5.
1774 773 1840 802 τῶν

1221 823 1453 860 Διονυσιακῶν
1479 830 1641 872 τεχνιτῶν
1669 826 1745 869 161,
1766 833 1796 860 5.
1811 831 1841 859 6.

1221 882 1258 917 ἐν
1288 882 1338 928 τῷ
1366 880 1530 928 Διονυσίῳ
1557 883 1686 926 309,1.
1732 881 1767 916 ἐν
1797 881 1842 930 τῇ

1221 937 1328 985 ἀγορᾷ
1370 938 1415 982 (ἐν
1451 937 1636 986 Μαγνησίᾳ
1678 939 1722 985 τῇ
1757 938 1842 986 πρὸς

1222 993 1377 1042 Σιπύλῳ)
1414 996 1508 1042 παρὰ
1533 996 1589 1031 τὸν
1627 995 1744 1041 βωμὸν
1778 998 1840 1030 τοῦ

1222 1051 1386 1086 Διονύσου
1413 1052 1490 1096 229,
1511 1061 1564 1088 84.
1602 1052 1667 1099 πρὸ
1689 1055 1751 1087 τοῦ
1774 1053 1840 1086 νεὼ

1221 1112 1281 1143 τοῦ
1313 1107 1475 1144 Διονύσου
1516 1111 1571 1154 50,
1604 1114 1656 1146 11.
1695 1111 1751 1154 51,
1785 1115 1839 1144 25.

1222 1165 1271 1204 εἰς
1295 1166 1333 1200 τὸ
1350 1165 1568 1213 περίφραγμα
1590 1169 1650 1201 τοῦ
1675 1165 1840 1201 Διονύσου

1223 1223 1300 1267 730,
1315 1229 1370 1258 28.
1401 1223 1477 1261 νέος
1490 1222 1653 1262 Διόνυσος
1667 1224 1743 1267 186,
1759 1231 1790 1257 8.
1809 1230 1839 1258 9.

1223 1280 1299 1324 187,
1318 1286 1348 1314 2.
1381 1281 1458 1325 191,
1484 1287 1515 1315 2.
1548 1281 1625 1325 193,
1650 1288 1680 1315 9.
1712 1273 1838 1324 370,'1.

1222 1338 1300 1382 741,
1320 1344 1337 1371 2

1082 1393 1262 1440 Διόσκοροι
1287 1395 1364 1438 335,
1382 1400 1457 1428 122.
1498 1392 1698 1439 Διόσκουροι
1719 1395 1800 1438 430,
1820 1400 1836 1427 5

1175 1451 1210 1486 ὲν
1241 1452 1291 1498 τῷ
1327 1451 1408 1497 ἱερῷ
1433 1455 1501 1486 τῶν
1534 1449 1729 1496 Διοσκόρων
1760 1450 1838 1495 335,

1177 1514 1240 1542 122

1082 1563 1261 1611 Δουσάρης
1286 1565 1364 1608 770,
1385 1573 1400 1599 1

1082 1620 1227 1656 Δώδεκα
1251 1621 1325 1657 θεοί
1349 1621 1428 1664 332,
1446 1628 1486 1656 27

1081 1732 1210 1782 Ἑκάτη
1234 1736 1314 1779 214,
1333 1742 1389 1770 30.
1411 1736 1494 1779 441,
1514 1742 1567 1770 55.
1588 1742 1664 1770 111.
1684 1741 1744 1769 138

1129 1791 1284 1838 Σώτειρα
1302 1789 1497 1838 Ἐπιφανής
1520 1792 1598 1835 441,
1619 1798 1683 1827 134

1173 1849 1211 1883 τὸ
1238 1849 1325 1895 ἱερὸν
1349 1852 1413 1895 τῆς
1431 1843 1578 1895 Ἑκάτης
1603 1848 1651 1892 (τὸ
1676 1846 1711 1882 ἐν
1730 1845 1838 1894 Στρα-

1219 1905 1377 1951 τονικείᾳ)
1403 1906 1482 1948 441,
1503 1913 1556 1940 55.
1575 1910 1636 1939 111

1080 1960 1214 2010 Ἑρμῆς
1231 1964 1351 2006 90,26.
1376 1963 1454 2006 202,
1470 1969 1501 1996 6.
1516 1969 1546 1996 8.
1573 1961 1651 2005 203,
1662 1969 1692 1996 3.
1718 1962 1796 2005 204,
1806 1969 1837 1996 5.

1129 2021 1206 2063 205,
1234 2027 1263 2053 5.
1299 2019 1378 2062 207,
1404 2025 1434 2052 4.
1467 2025 1497 2052 5.
1533 2018 1611 2060 208,
1636 2025 1666 2053 6.
1702 2019 1781 2062 230,
1805 2025 1836 2053 4.

1128 2076 1206 2119 339,
1222 2082 1274 2109 62.
1290 2082 1342 2109 78.
1369 2075 1446 2118 383,
1463 2082 1516 2109 55.
1540 2075 1619 2119 385,
1635 2083 1666 2110 8.
1689 2075 1768 2119 404,
1783 2081 1838 2109 20.

1127 2133 1207 2176 484,
1226 2138 1280 2166 34.
1310 2132 1387 2176 749,
1408 2139 1438 2165 5.
1476 2130 1633 2178 καθάπερ
1656 2127 1786 2179 Ἑρμῆς
1817 2130 1836 2166 ὁ

1127 2189 1232 2236 μέγας
1255 2188 1314 2223 καὶ
1340 2187 1446 2235 μέγας
1470 2189 1597 2232 90,19.
1635 2187 1837 2234 Πετενσήνει

1126 2248 1177 2293 τῷ
1203 2246 1264 2280 καὶ
1291 2242 1413 2293 Ερμεῖ
1443 2245 1574 2290 130,9.
1601 2252 1654 2282 10.
1697 2246 1751 2291 τῷ
1779 2257 1837 2290 με·

1125 2303 1228 2350 γίστῳ
1263 2299 1376 2350 Ἑρμῇ
1412 2303 1464 2349 τῷ
1491 2302 1550 2337 καὶ
1584 2301 1858 2348 Παοτπνούφιδι,

1129 2361 1206 2405 131,
1221 2367 1252 2394 2.
1272 2367 1302 2395 3.
1340 2355 1482 2408 Ἑρμαίῳ
1507 2358 1733 2405 Παὶηνούφιὸι
1757 2359 1858 2406 206,

1129 2424 1159 2452 1.
1182 2424 1213 2452 2.
1257 2416 1338 2452 θεὸν
1369 2416 1473 2463 μέγαν
1496 2412 1628 2463 Ερμῆν
1657 2414 1848 2462 Τρισμέγι

1127 2486 1204 2509 στον
1230 2475 1343 2518 716,1

1078 2527 1195 2566 Ἑστία
1219 2532 1297 2576 456,
1318 2540 1370 2566 55.
1410 2525 1525 2576 Ἑστίᾳ
1546 2530 1592 2578 τῇ
1614 2529 1672 2565 καὶ
1687 2526 1822 2566 Ἀνούκε

1129 2589 1203 2632 111,
1224 2597 1259 2623 5.
1289 2585 1495 2635 Ἀνούκειτῇ
1509 2587 1569 2622 καὶ
1583 2583 1700 2633 Ἑστίᾳ
1718 2587 1831 2631 130,8

1082 2665 1085 2671 ι
1125 2644 1278 2680 Βουλαία
1302 2646 1379 2689 332,
1397 2652 1437 2679 49
1483 2661 1490 2667 -

1170 2706 1244 2740 ταῖς
1275 2701 1404 2748 ἱερήαις
1433 2704 1495 2747 τῆς
1517 2696 1653 2738 Εστίας
1680 2700 1759 2743 456,
1779 2647 1858 2742 556}

1216 2758 1273 2794 ἐπὶ
1281 2770 1330 2805 τῳ
1341 2757 1513 2804 βωμῷτῆς
1520 2755 1693 2794 Βουλαίας
1700 2751 1858 2807 Eerfiae6}

1215 2815 1274 2850 καὶ
1284 2818 1344 2849 τοῦ
1355 2813 1435 2852 Διὸς
1447 2818 1506 2849 τοῦ
1515 2811 1686 2849 Βουλαίου
1701 2813 1779 2857 332,
1787 2809 1858 2847 49·

1078 2870 1205 2908 Εὐοδία
1231 2874 1284 2916 77,
1306 2881 1322 2906 5
