1858 3126
205 147 289 188 672

205 282 431 329 καταγγελία·
478 282 540 328 τὴν
581 281 804 329 καταγγελίαν
845 280 966 326 ἐποιή-

253 351 354 374 σαντο
379 339 578 386 πρεπόντως
603 340 680 383 319,
700 347 740 373 13

205 396 447 443 καταγίνομαι·
477 400 550 435 τοῖς
581 395 615 430 ἐν
649 396 741 443 αὐτῷ
770 396 829 442 (τῷ
856 394 966 442 Λητο-

252 454 378 500 πολίτῃ
406 455 517 501 νομῷ)
542 453 838 500 καταγεινομένοις
865 465 966 488 τοπο-

253 514 487 558 γραμματεῦσι
533 511 592 546 καὶ
630 513 968 558 κωμογραμματεῦσι

255 570 335 613 666,
355 575 395 602 14

206 626 455 672 καταγινώσκω
463 634 472 644 ·
488 624 668 670 ἱστορήσας
681 624 852 671 κατέγνων
863 624 967 670 ἐμαυ-

253 686 315 717 τοῦ
346 683 401 718 διὰ
426 683 463 717 τὸ
491 683 539 728 μὴ
569 682 755 729 ἐγνωκέναι
784 682 840 716 τὸν
866 680 966 728 λόγον

256 740 334 783 691,
355 747 373 774 2

207 799 404 843 καταγρέω·
428 797 653 843 κατάγρεντον
678 798 710 840 2,
734 805 770 831 15

208 853 367 900 κατάγω·
397 854 432 888 αἰ
458 853 495 887 δέ
526 866 567 888 κε
590 873 637 879 -
659 853 792 900 κατάγη
821 852 872 891 τίς
895 864 971 887 τινα

253 916 323 946 τῶν
346 908 543 957 Ἀγωνίππω
569 911 600 955 8,
615 918 670 946 21.
710 909 803 949 ὅπως
819 909 972 947 ἅπαντας

256 969 306 1006 εἰς
329 968 402 1014 τὴμ
425 967 527 1014 πόλιγ
557 966 733 1014 καταγάγῃ
765 967 845 1005 τοὺς
869 967 904 1001 ἐν
928 966 972 1014 τῇ

256 1026 356 1074 χώρᾳ
379 1025 457 1068 765,
476 1031 530 1059 24.
572 1024 609 1063 ὃς
632 1025 823 1071 ’κατήγαγεν
847 1022 909 1069 τήν
934 1035 972 1057 τε

259 1081 457 1128 ἐλευθερίαν
473 1082 531 1116 καὶ
555 1081 785 1127 δημοκρατίαν
802 1080 894 1126 παρὰ
912 1079 971 1125 βα-

258 1139 378 1177 σιλέως
393 1136 563 1186 Ἀντιόχου
581 1140 660 1183 226,
677 1147 706 1173 5.
739 1136 972 1185 καταχθέντος

258 1197 295 1231 δὲ
317 1197 376 1231 καὶ
399 1194 562 1234 Κλέωνος
594 1195 652 1239 (εἰς
676 1194 829 1242 Αἴγιναν)
855 1194 934 1238 329,
951 1201 969 1227 4

211 1254 423 1300 καταγώγιον
449 1259 515 1287 τῶν
542 1253 713 1298 δαιμόνων
739 1253 818 1296 610,
839 1259 854 1285 1

210 1310 501 1357 καταγωνίζομαι·
539 1309 858 1356 καταγωνισάμενος
893 1307 973 1347 τοὺς

258 1367 478 1406 ὑπεναντίους
503 1368 580 1411 553,
600 1375 616 1401 7

211 1425 399 1471 καταδεὴς·
432 1425 482 1459 ὅτι
507 1425 524 1459 ὁ
550 1425 659 1471 δῆμος
687 1423 883 1471 πειράσεται
907 1435 974 1468 μη-

258 1480 357 1520 θενὸς
380 1480 643 1528 καταδεέστερον
667 1478 878 1527 προάγεσθαι
905 1480 974 1525 (βα-

261 1539 359 1573 σιλέα
375 1537 569 1585 Φαρνάκην)
588 1544 654 1572 τῶν
668 1537 784 1572 ἄλλων
806 1537 973 1583 βασιλέων

263 1597 340 1640 771,
362 1603 401 1630 51

213 1653 399 1699 καταδίκη·
426 1651 484 1687 ἐάν
502 1664 589 1691 τινες
607 1651 663 1687 διὰ
678 1655 784 1686 ταῦτα
799 1651 975 1699 γείνωνται

261 1710 442 1746 καταδίκαι
465 1711 545 1754 483,
564 1716 629 1744 212

214 1767 454 1803 καταδουλόω·
496 1767 584 1812 μήτε
625 1766 717 1812 αὑτῷ
757 1766 977 1802 καταδουλώ-

263 1824 386 1860 σασθαι
412 1824 499 1871 μήτε
525 1824 572 1862 είς
597 1822 712 1869 ἕτερον
742 1823 978 1871 ἀπαλλοτριῶ-

264 1894 318 1916 σαι
342 1883 421 1926 383,
441 1888 504 1916 182

215 1937 411 1974 καταδύνω·
435 1938 547 1985 χιόνες
573 1936 711 1983 βαθεῖαι
727 1939 774 1976 ὡς
800 1938 901 1986 μέχρι
920 1950 976 1983 γο-

261 1995 372 2030 νάτων
396 1995 595 2030 καταδύνειν
619 1995 727 2041 ἄνδρα
753 1996 829 2040 199,
849 2002 865 2028 9

215 2051 427 2087 κατακλείω·
469 2049 551 2097 μηδ’
591 2051 682 2090 ὅλως
717 2050 979 2086 κατακλείεσθαί

262 2121 355 2147 τινας
387 2108 588 2155 ἐλευθέρους
619 2108 667 2147 εἰς
701 2108 858 2155 φυλακὴν
883 2108 977 2153 ἡντι-

263 2168 342 2200 νοῦν
367 2165 445 2207 669,
466 2173 504 2199 17

217 2221 437 2262 κατακλύζω·
460 2221 653 2268 εἰθισμένου
671 2224 742 2265 (τοῦ
759 2220 897 2264 Νείλου)
914 2234 977 2256 κα·

265 2279 442 2319 τακλύζειν
466 2279 509 2314 τὰ
533 2278 633 2314 πεδία
656 2280 711 2323 90,
727 2286 768 2314 24

218 2335 504 2372 κατακολουθέω·
528 2337 587 2371 καὶ
607 2336 747 2371 ἐκείνων
764 2335 977 2382 κατηκολου-

265 2394 423 2441 θηκότων
451 2395 494 2443 τῇ
516 2397 578 2428 τοῦ
604 2393 687 2429 θεοῦ
710 2391 884 2428 Κλαυδίου
913 2392 978 2440 χοί-

920 145 1071 178 Indices.

1082 286 1216 328 κρεῖναι
1240 282 1318 326 669,
1338 289 1391 317 27.
1438 282 1478 317 ἐκ
1509 286 1572 329 τῆς
1600 286 1661 318 τοῦ
1689 295 1795 318 κατα-

1082 337 1256 385 κριθέντος
1274 339 1388 377 οὐσίας
1407 340 1547 384 665,30.
1579 340 1618 374 τὸ
1635 352 1795 388 κατακρι-

1082 395 1142 431 θὲν
1160 396 1398 443 πρασσέτωσαν
1414 401 1628 444 παραχρῆμα
1643 398 1723 441 437,
1742 404 1794 432 82.

1083 454 1159 500 περὶ
1185 455 1231 488 ὧν
1257 453 1400 500 ἐκφόρια
1429 453 1618 501 κατεκρίθη
1643 455 1722 498 669,
1742 461 1796 488 30.

1082 511 1250 557 λεγόντων
1286 510 1424 556 ὕστερον
1458 509 1727 557 κατακεκρίσθαι
1753 510 1796 544 τὰ

1085 567 1148 603 ὑπὸ
1175 568 1319 603 ἰδιωτῶν
1343 567 1541 615 πραχθέντα
1573 567 1607 602 ἐν
1630 567 1681 614 τῷ
1703 567 1797 613 μέσῳ

1082 625 1196 672 χρόνῳ
1222 626 1300 669 669,
1319 631 1374 660 27.
1415 623 1474 659 ἐὰν
1497 624 1541 658 τὰ
1559 623 1798 670 ἀπολελυμένα

1084 681 1207 728 ἄγηται
1255 681 1321 720 ἕως
1365 693 1418 720 τις
1464 681 1550 716 αὐτὰ
1592 680 1797 729 κατακρείνῃ

1085 740 1164 782 669,
1183 746 1237 774 40.
1279 738 1330 773 ὅτι
1355 737 1469 773 πολλὰ
1497 743 1622 777 καινῶς
1645 738 1799 784 κατεκρί-

1087 795 1196 841 θησαν
1229 796 1307 840 669,
1327 803 1380 830 46.
1427 795 1461 829 εἴ
1491 807 1566 830 τινα
1594 800 1722 834 καινῶς
1752 814 1800 821 -

1085 851 1272 898 κατεκρίθη
1298 853 1376 897 669,
1395 861 1436 887 49

1039 908 1294 955 καταλαμβάνω
1332 911 1363 944 1.
1399 920 1548 955 ooeupo:
1587 909 1635 948 εἰς
1674 909 1799 945 Λύκων

1087 966 1197 1010 πόλιν,
1210 966 1234 1012 ἢ
1247 965 1290 1012 ἦν
1306 965 1571 1013 κατειλημμένη
1582 968 1641 1002 καὶ
1657 968 1801 1016 ὠχυρω-

1089 1024 1174 1069 μένη
1192 1025 1247 1068 90,
1266 1030 1321 1059 22.
1361 1025 1392 1058 2.
1409 1024 1560 1059 damno:
1584 1023 1802 1072 καλλάφθεν-

1087 1094 1145 1120 τος
1179 1079 1376 1128 Ἀγωνίππω
1409 1084 1452 1115 τᾶ
1487 1081 1566 1116 δίκα
1599 1082 1632 1126 8,
1663 1088 1716 1117 20.
1768 1082 1801 1116 οἱ

1088 1139 1284 1184 ἀστυνόμοι,
1309 1136 1368 1172 ἐὰν
1391 1137 1710 1184 καταλαμβάνουσιν,
1742 1139 1801 1185 ζη-

1089 1195 1281 1242 μιούτωσαν
1313 1194 1414 1229 αὐτόν
1447 1196 1526 1239 483,
1549 1203 1622 1231 146.
1651 1215 1699 1222 --·
1727 1206 1801 1231 me-

1089 1252 1210 1288 dium:
1236 1251 1335 1286 πέντε
1357 1263 1394 1286 τε
1417 1251 1534 1291 πόλεις
1549 1271 1597 1279 ·—
1611 1252 1802 1299 καταλαβό-

1091 1322 1192 1356 μενος
1216 1311 1295 1355 654,
1316 1320 1333 1346 5

1042 1368 1257 1404 καταλείπω·
1288 1368 1411 1415 Ζήνων
1435 1368 1453 1404 ὁ
1474 1367 1715 1415 καταλειφθεὶς
1738 1366 1802 1402 ὑπὸ

1090 1426 1279 1475 Βάκχωνος
1303 1429 1364 1461 τοῦ
1387 1426 1575 1474 νησιάρχου
1600 1426 1678 1469 773,
1697 1431 1715 1458 2

1042 1484 1253 1531 κατάληψις·
1288 1483 1322 1517 ἐν
1346 1484 1389 1531 τῇ
1413 1483 1581 1531 γενομένῃ
1609 1481 1803 1528 καταλήψει

1090 1539 1338 1587 Ἀλεξανδρείας
1363 1542 1439 1585 135,
1459 1547 1488 1575 2.
1531 1539 1572 1574 ἐκ
1598 1543 1661 1585 τῆς
1680 1535 1803 1585 Ὠρεοῦ

1090 1598 1319 1645 καταλήψεως
1343 1598 1422 1640 284,
1442 1604 1460 1631 2

1045 1655 1312 1701 καταλιμπάνω·
1371 1653 1685 1700 καταλιμπάνοντες
1743 1652 1804 1691 τὰς

1090 1711 1288 1759 λεωφόρους
1313 1711 1412 1750 ὁδούς
1436 1712 1515 1755 519,
1535 1717 1575 1745 20

1045 1769 1234 1816 καταλιφή·
1267 1768 1454 1816 προθύμως
1478 1768 1648 1814 πεπόηται
1670 1786 1718 1793 —-
1739 1767 1802 1814 τήν

1091 1838 1128 1860 τε
1156 1825 1349 1873 καταλιφὴν
1380 1826 1438 1861 καὶ
1466 1824 1618 1861 κονίασιν
1651 1827 1712 1859 τοῦ
1744 1824 1804 1870 δη-

1092 1883 1262 1928 λουμένου
1289 1883 1380 1928 ἱεροῦ
1405 1884 1483 1926 737,
1504 1890 1544 1918 10

1046 1939 1292 1975 καταλλάσσω·
1321 1940 1424 1986 φόνον
1456 1939 1494 1973 δὲ
1526 1937 1719 1985 ἐπιγαμίαις
1753 1938 1801 1983 μὴ

1093 1995 1389 2031 καταλλάσσεσθαι
1468 1994 1557 2041 μηδὲ
1630 1994 1805 2042 χρήμασιν

1094 2054 1171 2096 218,
1192 2061 1255 2087 105

1045 2110 1236 2155 καταλογή·
1276 2113 1340 2156 τῆς
1378 2108 1508 2143 τούτων
1544 2108 1668 2155 ἀρετῆς
1701 2121 1806 2144 κατα-

1091 2167 1197 2213 λογῆς
1219 2178 1256 2199 τε
1282 2165 1394 2200 ἕνεκεν
1418 2166 1498 2210 441,
1518 2173 1571 2200 54.
1594 2166 1673 2210 442,
1693 2174 1710 2200 7

1046 2222 1319 2271 καταλοχισμός·
1343 2222 1424 2261 τοὺς
1444 2222 1508 2269 μὲγ
1530 2221 1805 2271 καταλοχισμοὺς
1850 2240 1858 2271 ἐ

1091 2286 1158 2314 τῶν
1185 2280 1230 2325 ἐμ
1253 2277 1436 2326 Μαγνησίᾳ
1459 2279 1590 2314 ἱππέων
1611 2278 1671 2314 καὶ
1693 2279 1805 2319 πεζῶν

1094 2338 1172 2380 229,
1191 2344 1245 2371 45.
1287 2336 1366 2371 ὅταν
1392 2337 1429 2371 δὲ
1452 2336 1614 2372 τιθῶνται
1640 2335 1720 2374 τοὺς
1743 2347 1806 2370 κα·
1844 2324 1856 2346 ⁷

1093 2393 1324 2441 ταλοχισμοὺς
1350 2394 1382 2428 οἱ
1404 2396 1617 2441 γραμματεῖς
1641 2392 1720 2436 229,
1737 2399 1779 2426 47

267 2463 331 2497 ριτι
356 2452 435 2494 669,
453 2458 506 2486 28.
546 2449 813 2485 κατακολουθῶν
842 2451 887 2497 τῇ
909 2454 976 2483 τῶν
1047 2450 1247 2489 κατάλυσις·
1279 2450 1478 2485 ταπείνωσιν
1502 2448 1526 2495 ἢ
1549 2448 1732 2483 κατάλυσιν
1757 2449 1804 2483 ὧν

269 2507 436 2554 βασιλέων
460 2507 653 2554 προαιρέσει
678 2508 756 2550 735,
777 2514 815 2540 13

218 2565 453 2611 κατακομίζω·
471 2565 548 2609 παρ’
567 2562 710 2598 ἑκάστου
725 2568 793 2597 τῶν
810 2563 847 2597 τὸ
863 2561 977 2597 ἔλαιον

266 2621 567 2667 κατακομιζόντων
591 2621 629 2655 τὸ
662 2620 801 2654 ἔντοπον
826 2619 884 2654 καὶ
907 2631 978 2653 πω·

266 2678 419 2714 λούντων
443 2679 521 2722 629,
541 2686 594 2712 70.
634 2677 713 2715 τοὺς
738 2677 776 2711 δὲ
801 2677 849 2715 εἰς
869 2676 980 2724 χωρία
1048 2678 1227 2713 καταλύω·
1260 2677 1426 2725 ἐνεχέστω
1455 2682 1504 2711 τῶ
1532 2676 1630 2722 νόμω
1658 2676 1734 2722 περὶ
1755 2680 1805 2709 τῶ
1840 2698 1843 2702 »

1095 2734 1303 2772 καλλύοντος
1332 2734 1391 2768 τὸν
1421 2733 1529 2778 δᾶμον
1561 2734 1805 2777 4,106-110.
1844 2739 1847 2743 '

1312 2789 1542 2836 δημοκρατίαν
1594 2788 1807 2824 καταλύοντα
1844 2807 1845 2810 =

1096 2849 1174 2892 218,
1194 2854 1247 2882 21.
1287 2847 1324 2885 ὃς
1341 2846 1380 2881 ἂν
1395 2866 1443 2872 -
1459 2845 1686 2893 δημοκρατίαν
1702 2856 1807 2879 κατα·
1840 2821 1858 2881 J}

266 2734 290 2781 ἢ
323 2735 391 2771 ἀπὸ
420 2740 488 2769 τῶν
518 2733 656 2782 χωρίων
691 2733 980 2780 κατακομίζοντας

269 2792 404 2831 ἀτελεῖς
429 2792 514 2827 εἶναι
542 2793 619 2835 629,
640 2797 703 2826 162

221 2849 460 2896 κατακρίματα
484 2850 562 2892 669,
581 2856 621 2882 47

220 2906 432 2952 κατακρίνω·
473 2905 558 2951 μετὰ
597 2906 636 2940 τὸ
676 2904 837 2940 Φλάκκον
875 2917 979 2940 κατα-

1095 2507 1281 2555 ἀφωσίωσα
1315 2506 1441 2542 θυσιῶν
1484 2507 1562 2550 383,
1581 2512 1657 2540 202.
1721 2504 1807 2551 μετὰ

1094 2565 1156 2610 τὴν
1180 2564 1364 2599 κατάλυσιν
1395 2568 1464 2597 τῶν
1496 2563 1531 2597 ἐν
1556 2561 1715 2610 Αἰγύπτῳ
1746 2562 1806 2608 βα-

1096 2621 1216 2656 σιλέων
1242 2622 1319 2664 654,
1341 2629 1356 2655 1

1094 2792 1150 2826 τὸν

1197 2791 1259 2837 τὴν

1094 2904 1182 2953 λύσῃ
1213 2905 1290 2947 218,
1312 2911 1386 2938 118.
1431 2902 1493 2948 τὴν
1522 2901 1750 2949 δημοκρατίαν
1781 2899 1806 2946 ἠ
1844 2882 1858 2960 ’,Ξ

1839 2962 1858 3009 Ξ
