1858 3126
144 115 229 156 254
332 114 423 147 VIII.
460 113 608 156 Imperii
631 112 785 146 Romani
807 113 1018 155 provineIae
1041 113 1244 146 orientales.
1295 114 1324 146 Ιο.
1349 114 1460 156 Lycia
1484 115 1551 147 etc.
1606 114 1735 157 [sm—-

260 251 365 292 θεῶν
401 252 480 291 τῶν
520 249 722 306 ὁμογενῶν
760 249 870 305 ὑμῶν
909 249 1216 307 φιλανθρωπίας
1249 249 1254 305 Ι
1287 249 1437 306 [ndum
1472 251 1506 292 ὦ
1543 251 1734 308 ἐπιφανέ-

259 319 412 374 σ]τατοι
442 318 636 375 βασιλεῖς,
673 316 733 365 οἷς
768 319 795 374 ἡ
835 318 1033 375 θρησκεία
1065 319 1289 375 μεμέληται
1321 318 1326 375 Ι
1358 318 1602 374 [σπουδαίως
1632 318 1732 376 ὑπὲρ

189 399 230 432 15
257 388 342 444 τῆ]ς
375 386 485 443 ὑμῶν
513 389 590 429 τῶν
621 387 754 429 πάντα
782 387 1002 429 νεικώντων
1029 388 1230 429 δεσποτῶν
1259 385 1281 444 ΙΙ
1298 387 1430 444 [ἡμῶν
1453 387 1616 430 αἰωνίου
1639 389 1736 443 om]—

257 455 396 513 τηρίας
409 457 439 510 ⁸,
486 457 619 503 καλῶς
663 454 774 512 ἔχειν
821 454 1117 511 ἐδοκιμάσαμεν
1163 456 1410 512 καταφυγεῖν
1458 455 1463 513 Ι
1502 455 1614 514 [πρὸς
1657 456 1729 513 τὴν

259 524 368 581 ὑμῶν
407 523 653 579 &flamm-ow
692 524 900 581 βασιλείαν
912 526 946 553 ¹⁰
975 523 1045 566 καὶ
1075 524 1276 581 δεηθῆναι
1305 523 1397 572 τοὺς
1425 523 1553 568 πάλαι
1585 526 1590 581 Ι
1624 526 1735 580 [στα-

259 592 514 641 σιάζζοντας11
550 591 832 649 Χρι]στιανοὺς
876 591 945 635 καὶ
990 594 1047 641 εἰς
1094 594 1258 650 δεῦρο12
1295 593 1367 649 τὴν
1406 593 1529 650 αὐτὴν
1567 594 1682 636 νόσον
1721 593 1727 650 Ι

258 660 634 720 [διαφυλάττοντά]ς
669 678 764 704 ποτε
793 662 1026 704 πεπαῦσθαι
1064 661 1134 704 καὶ
1166 663 1344 718 μηδεμιᾷ
1375 668 1497 718 σκαιᾷ
1526 678 1604 704 τινι
1630 662 1734 719 καιΙ-

260 731 436 788 [νοοργίᾳ
479 731 551 787 τὴν
596 731 728 788 τιμὴν]
770 731 842 789 τὴν
886 732 970 779 τοῖς
1015 731 1127 778 θεοῖς
1171 732 1480 788 ὀφειλομένην13
1530 731 1734 789 παραβαί-

141 867 283 903 ematis
306 867 546 913 leyationibus
560 867 760 912 civitatum,
785 878 877 913 quae
887 870 1056 913 peterent,
1080 879 1127 903 ne
1146 867 1251 903 intra
1267 867 1429 904 civitates
1442 879 1532 904 suae
1551 867 1731 904 Christia-

141 924 204 959 m's
239 925 486 961 conventicula
516 929 695 961 exstruere
719 925 847 970 liceret,
871 929 912 961 ut
935 925 1045 970 quasi
1067 928 1209 961 coaetus
1232 929 1264 961 et
1287 925 1471 971 impulsus
1493 925 1612 970 faeere
1634 924 1728 962 vide—

140 985 241 1017 νοέων
276 983 371 1027 quod
404 986 483 1019 erat
516 986 641 1028 sponte
677 982 854 1027 facimus.
914 984 1046 1018 Euseb.
1071 984 1160 1018 Hist.
1186 985 1272 1018 ecel.
1298 985 1356 1027 IX,
1377 986 1396 1018 4
1431 983 1554 1022 πάντες
1588 987 1656 1018 τῶν
1692 983 1728 1018 ἐν

140 1039 231 1074 τέλει
257 1040 317 1079 τὰς
355 1040 421 1075 ὑπὸ
452 1041 515 1086 τὴν
546 1040 650 1086 αὐτὴν
683 1040 796 1087 ἀρχὴν
829 1039 942 1078 πόλεις
973 1040 1146 1078 οἰκοῦντες
1173 1040 1236 1085 τὴν
1268 1039 1390 1085 ὁμοίαν
1421 1041 1586 1088 ὡρμῶντο
1611 1041 1728 1088 ψῆφον

139 1097 358 1142 ποιήσασθαι,
390 1097 576 1144 προσφιλὲς
602 1094 625 1131 δ’
654 1097 741 1131 εἶναι
764 1100 867 1131 τοῦτο
893 1096 1027 1142 βασιλεῖ
1049 1102 1118 1131 τῶν
1141 1093 1216 1132 κατ’
1241 1097 1405 1144 ἐπαρχίαν
1429 1097 1611 1144 ἡγεμόνων
1635 1109 1730 1133 συνε-

140 1146 322 1201 ωρᾶκότων
347 1155 405 1189 καὶ
428 1150 519 1189 τοῦτ’
544 1153 625 1189 αὐτὸ
650 1153 898 1200 διαπράξασθαι
920 1157 994 1192 τοῖς
1019 1153 1182 1201 ὑπηκόοις
1209 1153 1508 1201 ὑποβεβληκότων,
1538 1156 1586 1190 ὧν
1610 1155 1729 1201 δὴτιαὶ

143 1211 252 1246 αὐτῶν
293 1215 367 1250 τοῖς
403 1211 598 1258 ψηφίσμασι
628 1207 668 1246 δι’
701 1211 909 1259 ἀντιγραφῆς
941 1210 1173 1257 ἀσμενέστατα
1205 1211 1442 1251 ἐπινεύσαντος
1470 1215 1532 1246 τοῦ
1560 1211 1725 1259 τυράννου

139 1268 238 1307 αὖθις
276 1268 312 1310 ἐξ
348 1268 507 1318 ὑπαρχῆς
533 1268 550 1303 ὁ
574 1265 651 1304 καθ
678 1268 779 1315 ἡμῶν
810 1268 1012 1316 ἀνεφλέγετο
1039 1268 1199 1316 διωγμός.
1247 1270 1308 1313 lX,
1326 1273 1365 1303 9:
1395 1268 1461 1303 ἀνὰ
1485 1269 1591 1314 μέσας
1614 1269 1654 1316 γέ
1675 1281 1729 1304 τοι

137 1326 198 1365 τὰς
230 1326 360 1371 πόλεις,
394 1326 411 1360 ὃ
444 1327 534 1373 μηδὲ
565 1326 689 1361 ἄλλοτέ
720 1338 813 1370 ποτε,
843 1325 1047 1373 ψηφίσματα
1071 1326 1205 1360 πόλεων
1229 1322 1305 1361 ’καθ’
1333 1325 1435 1372 ἡμῶν
1458 1326 1727 1373 καὶβασιλικῶν

139 1384 221 1428 πρὸς
256 1387 365 1418 ταῦτα
399 1383 581 1423 διατάξεων
620 1383 822 1430 ἀντιγραφαὶ
852 1382 993 1429 στήλαις
1023 1382 1283 1428 ἐντετυπωμένα
1317 1382 1469 1431 χαλκαῖς
1497 1382 1728 1430 ἀνωρθοῦντο.

138 1442 274 1475 Deinde
310 1443 519 1485 exemplum
557 1443 667 1475 huius
697 1443 750 1475 rei
783 1442 1015 1485 imperatoris
1040 1442 1085 1475 ed
1110 1442 1240 1484 Tyrios
1265 1442 1486 1484 rescriptum
1510 1442 1668 1485 exh1bet‚
1691 1444 1728 1475 et

138 1499 238 1532 addit
259 1502 366 1533 ταῦτα
383 1498 424 1543 δὴ
442 1496 517 1533 καθ’
539 1498 640 1544 ἡμῶν
657 1498 746 1532 κατὰ
761 1502 871 1532 πᾶσαν
890 1497 1054 1545 ἐπαρχίαν
1071 1497 1342 1543 ἀνεστηλίτευτο.
1460 1502 1479 1532 8
1510 1499 1570 1532 Vs.
1589 1501 1725 1532 44-45

137 1557 322 1599 supplevit
348 1557 589 1590 Wilamowitz
607 1566 664 1599 ap.
680 1557 958 1599 Mommsenum‚
976 1565 1093 1598 peuce
1117 1557 1352 1588 mutaverunt
1376 1556 1560 1589 Benndorf
1579 1558 1616 1589 et
1640 1556 1726 1589 Bor-

138 1623 256 1646 mann.
304 1614 347 1646 Ut
371 1615 438 1646 hae
462 1614 604 1647 litterae
631 1614 914 1656 proficiscuntur
941 1614 987 1646 ab
1016 1614 1275 1646 emolumentis
1297 1615 1333 1646 et
1349 1613 1564 1656 commodis,
1589 1613 1725 1655 quihus

137 1672 237 1712 piam
268 1671 503 1713 antiquorum
530 1671 684 1703 deorum
709 1671 979 1704 venerationem
1005 1672 1279 1703 remuneratum
1305 1671 1402 1703 esset
1425 1679 1553 1703 eorum
1577 1679 1726 1713 numen,

137 1729 190 1761 sio
213 1737 259 1761 ex
282 1737 460 1771 responso
485 1729 603 1771 Tyriis
629 1729 714 1761 dato
740 1729 824 1770 (not.
842 1728 870 1769 7)
896 1728 992 1760 idem
1018 1728 1062 1760 de
1087 1730 1302 1769 argumento
1333 1728 1511 1770 epistulae
1533 1728 1724 1770 petitoriae

136 1786 283 1819 illorum
315 1787 437 1828 colligi
468 1786 680 1819 observavit
709 1786 872 1819 Harnack
905 1794 961 1827 ap.
988 1786 1031 1818 M.
1050 1786 1204 1818 Omnino
1238 1786 1305 1818 hee
1335 1786 1530 1827 petitiones
1559 1786 1655 1818 inter
1685 1793 1724 1818 se

138 1844 342 1877 simillimae
378 1843 489 1876 fuisse
524 1844 705 1876 videntur.
831 1847 849 1875 9
884 1843 1152 1885 suppleverunt
1182 1842 1222 1876 A.
1247 1842 1412 1876 Harnack
1444 1844 1480 1875 et
1510 1843 1543 1875 S.
1567 1843 1724 1876 Reimoh

137 1909 194 1942 ap.
220 1901 498 1943 Mommsenum,
528 1901 668 1933 collatis
693 1910 726 1933 v.
744 1902 789 1933 24
814 1903 878 1944 τῆς
904 1898 1042 1933 αἰωνίου
1067 1899 1127 1933 καὶ
1149 1897 1328 1944 ἀφθάρτου
1353 1897 1535 1942 βασιλείας.
1587 1899 1722 1932 Concil.

137 1958 348 1990 Chalcedon.
368 1967 403 2000 p.
423 1960 510 1990 4537
526 1958 551 1990 C
570 1958 686 1991 Colet:
712 1955 735 2002 ἡ
761 1955 839 1991 θεία
860 1956 919 1990 καὶ
936 1955 1106 1994 ἀθάνατος
1129 1955 1266 2002 κορυφή
1292 1956 1348 1998 (de
1365 1956 1606 1998 Imperatore).
1634 1956 1721 1989 ibid.

136 2023 171 2056 p.
206 2017 270 2046 828
291 2015 320 2046 A
361 2013 542 2058 ὀφείλομεν
583 2014 647 2060 γὰρ
686 2014 731 2060 τῇ
772 2012 935 2060 ἀθανάτῳ
984 2012 1083 2047 πόλει
1125 2012 1238 2058 νέμειν
1283 2011 1318 2046 ἐν
1362 2015 1443 2046 πᾶσι
1481 2011 1524 2046 τὰ
1558 2015 1721 2058 πρωτεῖα.

137 2074 178 2104 40
212 2071 302 2104 Cum
333 2072 442 2104 huius
475 2072 651 2104 enuntiati
679 2071 802 2105 verbis
839 2073 875 2104 et
906 2071 1085 2104 sententia
1113 2071 1362 2103 Mommsenus
1393 2071 1582 2112 comparat
1610 2071 1722 2104 Maxi-

137 2129 228 2161 mini
257 2128 302 2161 ad
326 2129 458 2171 Tyrios
488 2129 649 2161 edictum
681 2137 738 2170 ap.
764 2127 895 2161 Euseb.
922 2128 1011 2161 Hist.
1037 2127 1122 2160 eccl.
1148 2127 1207 2170 IX,
1227 2130 1258 2170 7,
1277 2130 1296 2160 5
1328 2125 1353 2171 ἡ
1381 2124 1527 2172 ὑμετέρα
1551 2126 1653 2165 πόλις
1674 2145 1723 2153 -

137 2184 192 2218 ὅτε
225 2184 328 2219 πάλιν
352 2178 479 2233 ᾔσθετο
503 2185 582 2222 τοὺς
604 2189 668 2231 τῆς
694 2182 863 2230 ἐπαράτου
891 2184 1117 2228 ματαιότητος
1141 2183 1320 2230 γεγονότας
1345 2181 1460 2229 ἕρπειν
1485 2182 1653 2230 ἄρχεσθαι
1675 2202 1721 2208 —-

135 2240 263 2280 εὐθέως
280 2241 362 2288 πρὸς
380 2241 444 2287 τὴν
461 2240 632 2286 ἡμετέραν
649 2239 822 2285 εὐσέβειαν
836 2258 879 2266 —-
892 2240 1092 2286 κατέφυγεν.
1199 2243 1236 2273 44
1274 2239 1438 2286 μανικοΰς
1455 2241 1639 2275 Gebhardt
1661 2250 1719 2284 ap.

135 2301 348 2333 Mommsen.
373 2298 609 2338 στασιάζοντας
634 2298 818 2332 Benndorr
837 2300 874 2331 et
889 2299 1081 2332 Bormann.
1200 2301 1242 2331 ⁴2
1273 2298 1499 2332 Adverbium
1523 2297 1622 2343 δεῦρο
1646 2299 1720 2332 iam

136 2357 234 2399 apud
257 2357 396 2390 Atticos
422 2357 465 2389 de
489 2358 656 2399 tempore
680 2358 880 2398 usurpatur
896 2357 932 2388 in
950 2355 1106 2388 formula
1122 2350 1207 2400 δεῦρ’
1228 2354 1282 2388 ἀεί
1299 2357 1335 2388 et
1352 2355 1448 2398 alibi,
1474 2352 1539 2389 sed
1555 2353 1603 2392 εἰς
1621 2353 1720 2399 δεῦρο

135 2415 360 2458 principatus
374 2414 524 2447 demum
536 2413 763 2456 temporibus
777 2414 948 2455 usurpari
961 2415 1132 2455 coeptum
1146 2414 1212 2446 est.
1238 2413 1337 2445 Hanc
1349 2413 1620 2446 distinctionem
1628 2413 1721 2445 tem-

135 2481 268 2514 porum
283 2470 399 2513 (ποίλαι
412 2470 518 2508 -εἰς
538 2470 646 2515 δεῦρο)
662 2472 809 2504 omnino
823 2471 860 2503 in
880 2471 976 2504 illius
997 2471 1125 2503 aetatis
1137 2470 1265 2503 edictis
1278 2470 1322 2503 de
1335 2470 1536 2503 Christiana
1546 2469 1720 2511 religione

135 2531 198 2563 aut
226 2529 411 2562 toleranda
439 2530 503 2561 aut
535 2528 772 2570 opprimenda
806 2529 925 2570 magni
951 2528 1126 2560 momenti
1150 2536 1230 2560 esse
1254 2528 1380 2560 monet
1403 2526 1567 2559 Harnaok
1590 2535 1649 2568 ap.
1673 2526 1718 2559 M.

134 2590 148 2619 4
160 2589 178 2619 3
196 2587 314 2620 Etiam
327 2586 364 2618 in
376 2585 544 2618 versibus
559 2588 692 2618 48—20
707 2585 941 2618 restituendis
948 2585 1139 2618 Harnaekii
1150 2586 1186 2617 et
1196 2584 1392 2618 Gebhardti
1408 2583 1544 2616 auxilio
1557 2591 1596 2615 se
1607 2591 1717 2616 usum

135 2643 327 2686 profitetur
350 2644 563 2676 Mommsen.
613 2643 781 2675 Ceterum
818 2644 854 2674 et
885 2642 1041 2676 verbum
1072 2644 1108 2675 et
1138 2642 1353 2692 sententiam
1385 2640 1503 2673 redire
1533 2640 1571 2673 in
1600 2640 1718 2673 edicto

135 2701 182 2735 ad
205 2701 335 2744 Tyrios
358 2700 490 2734 Euseb,
514 2700 575 2743 IX,
593 2702 624 2743 9,
645 2702 680 2733 7:
712 2698 800 2744 μετὰ
828 2701 889 2732 τοῦ
921 2698 1143 2745 ὀφειλομένου
1169 2697 1381 2742 σεβάσματος
1404 2697 1445 2744 τῇ
1471 2694 1639 2742 θρησκείᾳ
1661 2695 1720 2730 καὶ

133 2761 211 2796 ταῖς
249 2756 516 2805 ἱεροθρησκείαις
549 2760 618 2790 τῶν
660 2754 840 2790 ἀθανάτων
879 2754 970 2790 θεῶν
1010 2754 1193 2801 προσιέναι.
1246 2755 1267 2795 ξ
1288 2756 1331 2787 42
1364 2753 1450 2798 μετὰ
1484 2756 1546 2787 τοῦ
1581 2752 1718 2799 ὀφειλο-

135 2814 239 2859 μένου
264 2814 476 2860 σεβάσματος
506 2815 666 2856 itemque
690 2814 727 2846 in
753 2814 930 2856 rescripto
954 2813 1126 2856 praefecti
1147 2812 1329 2855 praetorio
1355 2811 1400 2845 ad
1424 2811 1610 2854 praesides
1633 2819 1718 2853 pro-

133 2874 335 2906 vinciarum
362 2873 461 2915 apud
485 2871 682 2906 Eusebium
708 2871 797 2904 Hist.
823 2871 908 2904 eccl.
926 2871 984 2913 IX,
1003 2874 1034 2913 4,
1053 2873 1083 2913 ³,
1113 2870 1178 2903 ubi
1203 2869 1433 2912 praedicatur
1456 2870 1716 2911 imperatorem
