1858 3126
39 148 120 192 ⁶1⁸⁷]
307 146 510 181 Delubrum
533 145 725 185 conditum
748 144 987 178 Euhemeriae
1009 143 1111 178 nomi
1135 143 1347 178 Arsinoitae.
1532 145 1617 185 479

152 283 224 328 καὶ
251 285 369 340 tien
395 281 495 339 πρὸς
525 282 649 338 αὐτὴν
678 283 962 338 χρηματισμοῦ
994 280 1000 337 Ι
1031 279 1076 322 τὸ
1107 280 1364 338 ἀντίγραφον.
1398 279 1542 323 τούτου
1572 281 1617 322 δὲ

82 363 128 398 26
151 351 379 410 γενοΙΙιένου
405 350 554 406 ἔσομαι
585 349 952 407 εὖεργετημὲνοςῖθ.
982 348 995 405 ΙΙ
1024 349 1237 406 διευτύχει.
1270 348 1279 406 Ι

160 421 200 465 Ι.
218 418 270 478 ιγ’
286 414 481 477 Ἥριὸος·
511 420 766 476 γεινέσῦωὓ.
797 418 807 475 Ι

128 540 138 544 ς
153 489 328 547 ἔγραψεν
358 487 608 544 Πτολεμαῖος
637 487 815 543 Διδύμου
845 486 853 543 Ι
884 486 1016 535 κοινὸς
1045 487 1316 544 γραμματεύς.

41 617 207 651 vocalem
230 628 253 650 α
276 624 345 658 pro
367 626 392 660 η
416 614 463 648 ab
486 614 596 648 huius
619 613 715 647 tituli
739 622 907 647 sermone
934 613 1098 656 protecto
1127 613 1396 647 alienissimam.
1444 613 1618 648 Nomina-

39 674 159 707 tivum
182 673 230 707 ad
250 671 275 718 ἣ
300 681 504 716 pronomen
528 671 574 713 (v.
592 672 646 712 49)
671 671 825 704 relatum
850 672 947 704 recte
963 679 1003 704 se
1019 670 1153 704 habere
1176 679 1249 704 non
1273 672 1330 703 est
1345 670 1445 713 quod
1468 670 1618 704 demon-

40 733 188 764 stretur.
302 733 348 766 28
377 730 429 764 ct.
453 739 488 763 n.
506 728 618 762 43810.
734 731 777 761 27
810 729 1055 762 Gravissimus
1079 728 1327 770 soloecismus,
1352 727 1528 770 lapicidae
1552 737 1619 770 po·

40 789 115 823 uns
138 797 248 831 quam
263 788 299 822 ei
313 787 377 831 qni
399 788 490 822 haec
504 787 716 830 composuit
730 787 822 820 vitio
838 786 1045 819 vertendus.
1162 788 1206 819 28
1236 785 1286 818 Ct'.
1303 794 1465 828 papyros
1481 783 1618 827 Fayum

41 847 161 880 towns
195 854 232 889 p.
250 847 315 879 ⁴0¹
345 854 381 878 n.
403 844 464 887 xi,
490 847 532 878 83
567 841 698 877 τούτων
733 842 772 877 δὲ
806 842 998 888 γενομένων
1030 841 1154 886 ἔσομαι
1189 839 1460 887 βεβοηθημένος,
1491 851 1528 886 p.
1552 844 1617 875 404

41 902 168 945 mxli,
186 904 247 936 8⁴:
278 900 409 936 τούτων
439 900 478 935 δὲ
508 899 701 947 γενομένων
736 899 860 944 ἔσομαι
892 899 1172 945 ἀπειλημμένος,
1207 899 1274 933 ubi
1308 896 1620 943 ἀντιλαμβάνεσθαι

40 959 277 994 succurrendi
299 959 358 992 vel
382 958 576 993 adiuvandi
603 959 787 991 notionem
811 957 932 991 habet.
979 957 1030 990 Cf.
1054 967 1089 990 n.
1106 959 1171 990 697
1182 956 1205 990 ¹.
1322 959 1366 990 29
1396 956 1447 990 ct.
1471 959 1546 989 not.
1565 958 1619 989 44.

42 1017 259 1051 Genetivum
292 1016 353 1050 hic
385 1024 477 1059 esse,
513 1025 586 1049 ιιοιι
620 1015 886 1049 nominativum
921 1017 964 1048 ut
995 1015 1125 1057 primis
1152 1014 1358 1047 editoribus
1380 1015 1502 1047 visum
1530 1014 1617 1052 erat,

43 1076 206 1117 apparet.
252 1073 302 1107 ct.
327 1075 401 1107 not.
420 1075 474 1106 ⁴2.

129 1242 215 1287 737
256 1245 366 1286 Stela
393 1246 554 1296 gracilis
583 1257 677 1285 cum
699 1248 898 1284 aetomate
916 1245 1129 1297 triquetro,
1159 1244 1325 1283 inventa
1343 1244 1385 1282 in
1405 1243 1496 1283 vico
1515 1240 1622 1282 Mit-

44 1311 245 1354 Rahimh
277 1313 356 1353 sito
393 1313 498 1353 inter
534 1313 682 1353 rudera
717 1314 866 1353 veteris
896 1311 1149 1365 Memphidis.
1199 1311 1272 1351 Ed.
1304 1312 1503 1364 Maspero,
1540 1312 1623 1350 An·

44 1379 156 1422 fialas
199 1381 273 1422 «ιω
315 1381 491 1422 services
535 1382 608 1421 (ιω
650 1382 867 1434 antiquit&
910 1381 961 1420 de
1003 1371 1191 1433 1’Egypte
1237 1380 1339 1419 ⁴90⁴
1385 1380 1423 1419 ιι
1466 1392 1506 1432 p.
1535 1379 1619 1419 285

44 1446 112 1504 ΙΙ.
128 1451 175 1490 L.
194 1448 341 1491 Strack
367 1449 519 1490 Archiv
547 1450 614 1490 fiir
642 1448 1049 1502 Papyrusforschung
1078 1449 1131 1488 111
1158 1461 1199 1501 p.
1221 1448 1315 1492 ⁴28.
1334 1460 1373 1488 ιι.
1397 1446 1450 1501 6).

150 1555 299 1610 Ἔτους
334 1562 451 1604 ἕκτου
462 1564 488 1603 ¹.
533 1560 598 1603 ἐπὶ
634 1566 869 1618 συναγωγῆς
905 1561 912 1616 Ι
950 1565 1023 1617 τῆς
1058 1560 1299 1616 γενηθείσης
1336 1561 1379 1602 ἐν
1420 1562 1495 1602 τῶι
1536 1558 1622 1602 ἄνω

156 1625 503 1684 Ἀτολλ[ω]Ινιείιιιι
531 1633 602 1672 τοῦ
635 1630 951 1686 πολιτεύματοςῖ
985 1627 1054 1671 καὶ
1082 1632 1160 1671 τῶν
1199 1629 1205 1684 Ι
1244 1628 1324 1671 ἀπὸ
1361 1632 1431 1684 τῆς
1466 1629 1623 1676 πόλεως

2 1787 15 1790 -,
139 1759 154 1788 4
186 1756 331 1790 Annum
362 1758 508 1790 sextum
537 1758 601 1790 aut
623 1756 819 1790 Ptolemaei
841 1756 889 1788 Vl
914 1756 1191 1796 (philometoris)
1223 1756 1246 1788 i.
1264 1764 1294 1788 e.
1323 1757 1388 1787 476
1412 1764 1443 1787 a.
1469 1755 1551 1787 Chr.
1575 1764 1623 1797 tn,

0 1820 14 1858 ‘J
45 1815 111 1847 aut
137 1813 334 1848 Ptolemaei
356 1813 436 1846 vm
461 1813 669 1855 (Euergetae
692 1814 735 1854 11)
759 1817 827 1847 465
851 1823 882 1847 a.
906 1813 1000 1854 Chr.,
1032 1814 1096 1845 aut
1124 1813 1320 1845 Ptolemaei
1344 1811 1378 1844 X
1407 1812 1556 1853 (Soteris
1579 1812 1624 1853 11)

10 1904 14 1907 ,
46 1873 115 1904 448
137 1880 171 1904 a.
191 1870 274 1904 Chr.
295 1881 332 1904 n.
362 1879 444 1904 ease
471 1870 644 1904 observat
666 1871 803 1904 Strack.
849 1870 975 1912 Neque
1006 1870 1103 1902 enim
1136 1870 1378 1911 antiquiorem
1402 1877 1484 1902 esse
1514 1877 1624 1911 posse

47 1929 201 1970 propter
221 1936 356 1961 nomen
378 1927 543 1973 συγγενής
565 1937 601 1960 v.
618 1930 638 1960 5
664 1927 720 1969 (ct.
743 1937 778 1960 n.
796 1926 907 1969 ⁴⁰⁴²),
931 1935 1049 1968 neque
1072 1926 1118 1959 ad
1134 1927 1309 1959 interiora
1323 1927 1434 1959 etiam
1458 1928 1624 1968 tempora

46 1983 216 2018 dmendi
243 1985 354 2018 licere
382 1987 537 2027 propter
558 1985 810 2027 litteraturam,
834 1993 944 2026 quam
969 1984 1135 2026 Hespero
1160 1983 1250 2016 adeo
1273 1984 1371 2016 tertii
1394 1993 1427 2016 a.
1438 1983 1521 2016 Chr.
1545 1992 1625 2016 sae-

48 2041 123 2074 enit
150 2050 231 2079 eme
258 2042 484 2075 iudicaverit.
623 2044 644 2073 2
674 2042 859 2075 Strackius
889 2041 1083 2083 ambiguus
1112 2041 1238 2073 haeret
1266 2041 1361 2073 inter
1390 2040 1483 2074 duas
1514 2041 1624 2073 huius

46 2098 149 2131 vocis
182 2098 471 2140 significationes.
526 2100 599 2132 Aut
638 2100 736 2132 enim
779 2100 964 2132 civitatem
1005 2098 1211 2141 (Memphin)
1252 2098 1423 2140 intellegi,
1459 2099 1502 2131 ut
1536 2098 1624 2130 n'ihil

48 2154 268 2188 discriminis
285 2156 380 2188 inter
401 2154 501 2189 πόλιν
524 2158 562 2188 et
583 2154 771 2199 πολίτευμα
795 2155 1005 2197 intercedat,
1029 2158 1093 2188 aut
1108 2164 1244 2197 corpus
1259 2155 1318 2188 vel
1334 2155 1540 2197 collegium,
1565 2155 1624 2187 hic

48 2211 198 2254 quidem
220 2212 378 2245 militum
400 2212 668 2246 Idumaeorum.
715 2213 831 2246 Huius
854 2213 1125 2255 significationis
1148 2221 1265 2246 unum
1295 2213 1407 2245 modo
1439 2221 1478 2245 se
1503 2221 1625 2244 exem·

50 2270 153 2310 plum
176 2269 333 2310 novisse,
356 2278 473 2311 neque
495 2270 535 2302 id
556 2271 661 2312 plane
685 2272 837 2313 eertum,
866 2270 1039 2303 Tebtunis
1062 2271 1195 2313 papyri
1218 2279 1254 2312 p.
1271 2272 1337 2302 ⁴25
1363 2279 1396 2302 n.
1416 2272 1470 2310 32,
1489 2272 1530 2301 47
1557 2268 1625 2301 ἀπὸ

48 2329 118 2359 τῶν
142 2324 473 2370 ἐπικεχωρημένωβ]
494 2330 559 2359 τῶι
581 2325 803 2371 πολιτεύματι
824 2332 893 2360 τῶν
917 2324 1065 2370 Κρητῶν
1088 2326 1220 2373 ἀνδρῶν
1246 2318 1291 2370 φ’.
1339 2326 1408 2359 Sed
1437 2334 1479 2358 ea
1509 2327 1627 2358 neuti-

50 2391 163 2425 quam
185 2384 262 2416 tam
284 2392 367 2415 rara
390 2384 456 2424 eet,
478 2392 589 2424 quam
611 2384 663 2416 illi
686 2384 841 2427 videtur,
870 2386 1085 2427 praesertim
1109 2385 1141 2417 si
1170 2384 1215 2417 de
1239 2391 1396 2426 corpore
1419 2384 1626 2425 peregrino-

23 2444 134 2475 rum
157 2448 203 2473 ex
226 2439 296 2473 alia
318 2440 466 2472 civitate
489 2439 726 2473 oriundorum
750 2441 862 2474 verba
885 2429 988 2483 fiunt,
1017 2442 1080 2483 qui
1112 2441 1246 2474 alicubi
1275 2441 1526 2474 consederunt.
1574 2439 1626 2472 CL

19 2490 89 2538 Ξ..
106 2500 183 2539 492,
201 2500 221 2530 ⁵
244 2505 329 2530 cum
352 2496 534 2529 Addendis
557 2497 629 2529 vol.
645 2497 671 2529 1.
701 2506 737 2539 p.
754 2500 832 2531 653.
861 2507 896 2531 ιι.
914 2501 980 2531 658
991 2498 1015 2531 ¹.
1064 2498 1166 2537 Quod
1190 2499 1227 2530 in
1258 2499 1391 2530 milites
1415 2505 1628 2530 mercenna-

28 2553 137 2595 ‚sm
159 2562 320 2595 quorum
337 2562 491 2595 corpora
508 2562 641 2585 nomen
655 2554 817 2594 gentium
832 2555 929 2587 unde
943 2555 1087 2587 oriundi
1102 2557 1205 2588 erant
1223 2563 1348 2596 gerere
1363 2555 1531 2595 solerent,
1555 2562 1627 2585 non

53 2609 176 2643 ninus
197 2610 326 2643 cadere
350 2620 461 2652 quam
492 2611 528 2642 in
554 2612 773 2642 mercatores
802 2611 939 2643 aliosve
966 2613 1176 2653 peregrinos
1200 2612 1238 2645 in
1266 2611 1359 2644 urbe
1390 2611 1511 2652 aliqua
1542 2619 1627 2642 con·

53 2665 234 2710 efflantes,
262 2668 342 2700 inre
371 2668 575 2708 meritoque
604 2675 648 2699 ex
679 2676 713 2699 n.
734 2669 810 2708 443,
828 2669 860 2699 4.
885 2669 961 2709 445,
979 2670 999 2699 2
1031 2667 1072 2700 τὸ
1101 2667 1215 2700 ιιοινὸν
1247 2671 1317 2699 τῶν
1346 2666 1381 2700 ἐν
1415 2663 1547 2710 Κύπρῳ
1576 2664 1626 2706 (ἐν

53 2721 100 2768 τῇ
119 2722 225 2767 νήσῳ)
247 2723 465 2768 τασσομένων
480 2721 624 2768 Θρᾳκῶν
643 2719 790 2764 (Ἰώνων)
814 2722 872 2755 καὶ
892 2728 961 2755 τῶν
985 2722 1323 2767 συμπολιτευομένων
1346 2723 1544 2763 collegeris.
1582 2722 1628 2754 At

56 2777 97 2811 In
123 2779 221 2813 hunc
247 2781 394 2814 titulum
426 2790 468 2814 ea
491 2782 591 2814 notio
615 2780 794 2822 quadrare
817 2780 916 2812 nullo
949 2780 1057 2812 modo
1081 2780 1237 2812 videtur.
1282 2778 1374 2812 Nam
1407 2778 1507 2820 quod
1530 2788 1564 2811 v,
1581 2780 1626 2810 24

55 2833 188 2877 legitur
208 2835 233 2881 ἡ
256 2837 366 2879 πόλις,
397 2838 444 2871 ab
468 2847 511 2871 eo
535 2839 603 2871 ista
629 2838 786 2870 notionis
810 2837 1026 2878 ambiguitas
1049 2837 1156 2878 plane
1179 2837 1293 2869 aliena
1316 2838 1387 2877 est;
1419 2845 1494 2878 quo
1518 2838 1627 2878 pacto

39 2898 145 2925 rwro
168 2894 375 2936 exemplum
391 2895 526 2928 decreti
540 2895 689 2927 Dorioni
709 2894 787 2927 dari
810 2895 930 2936 potuit
952 2895 994 2926 ut
1016 2894 1239 2935 perspiceret
1253 2895 1396 2934 gratum
1420 2893 1628 2926 civitatis
