1858 3126
1839 0 1858 42 “l

248 129 302 170 58
486 130 573 162 VIII.
612 130 758 172 Imperii
782 130 933 163 Romani
958 131 1166 172 provinciae
1192 131 1394 164 orientales.
1444 135 1475 164 4.
1499 132 1593 165 Asia.
1753 133 1832 175 [458

360 280 522 335 ἡμερῶν
551 281 593 319 λ·
632 277 795 325 Δαίσιος
825 281 896 320 λα·
936 277 1129 334 Πάνημος
1159 281 1202 321 λ·
1239 279 1354 326 Λῶος
1380 281 1451 321 λα·
1489 278 1519 320 Γ
1522 295 1703 336 ορπιαιος
1729 284 1799 324 λα·
1825 282 1830 339 Ι

360 342 692 403 Ὑπερβερεταῖος
723 350 765 389 λ·
809 348 909 402 ὁμοῦ
937 347 1091 404 ἡμέραι
1120 349 1192 394 τξε.
1236 344 1296 404 ἐφ’
1327 348 1461 395 ἕτος45
1491 347 1535 390 δὲ
1569 345 1638 390 διὰ
1674 348 1744 406 τὴν
1778 350 1835 392 ἰν-

360 414 675 473 τερκαλοίριον46
702 415 706 471 i
736 418 756 458 ὁ
787 415 982 464 Ξανδικὸς
1014 417 1242 473 ἀχθήσεται
1271 418 1434 473 ἡμερῶν
1463 414 1541 474 λβ.
1580 416 1648 460 ἵνα
1679 416 1723 460 δὲ
1754 417 1832 461 ἀπὸ

362 487 433 526 τοῦ
463 488 531 527 νῦν
565 487 832 542 στοιχήσωσιν
864 486 902 527 οἱ
935 485 939 541 Ι
975 489 1096 542 μῆνες
1131 483 1200 527 καὶ
1238 486 1280 528 αἱ
1317 486 1481 543 ἡμέραι,
1519 487 1540 528 ὁ
1573 485 1643 542 μὲν
1673 489 1741 529 νῦν
1771 487 1834 530 ἐν-

365 553 488 601 εστὼς
520 553 752 610 [Ispa-20&
783 554 859 611 μὴν
892 554 1122 610 ἀχθήσεται
1153 555 1274 611 μέχρι
1303 558 1373 610 τῆς
1396 553 1401 610 Ι
1426 545 1479 610 5,
1510 560 1560 611 τῇ
1591 554 1636 598 δὲ
1665 554 1740 612 πρὸ
1771 557 1836 599 ἐν-

290 633 331 666 75
362 624 436 665 νέα
468 624 679 665 καλανδῶν
712 623 999 680 Φεβρουαρίων
1031 622 1174 678 ἄξομεν
1205 623 1421 679 νουμηνίαν
1454 623 1577 679 μηνὸς
1600 623 1615 681 ΙΙ
1641 624 1858 682 Δύστρουρ

360 691 430 733 καὶ
466 688 562 733 καθ’
595 691 762 733 ἕκαστον
795 696 901 747 μῆνα
941 691 1111 748 ἀρχὴ<ι>
1149 690 1264 734 ἔσται
1299 695 1371 747 τῆς
1405 693 1671 749 νουμηνίας48
1698 695 1724 750 ἡ
1755 693 1832 751 πρὸ

364 760 480 802 ἐννέα
513 759 517 816 Ι
551 762 781 802 καλανδῶν·
826 762 851 816 ἡ
891 759 934 802 δὲ
972 761 1185 816 ἐνβόλιμος
1222 761 1356 817 ἡμέρα
1392 759 1505 803 ἔσται
1543 760 1715 804 πάντοτε
1753 768 1835 805 τῶν

365 829 674 885 ἰντερκαλαρίων
702 828 922 885 καξλανδῶν
933 831 970 858 49
994 832 1063 871 τοῦ
1084 829 1285 871 Ξανδικοῦ
1313 831 1449 885 μηνός,
1477 830 1549 873 δύο
1575 831 1674 873 ἐτῶν
1702 831 1835 887 μέσων

362 898 656 954 γεινομένων50.
686 897 690 953 Ι

244 1057 398 1101 ἕ[θνεσιν]
428 1061 500 1096 τοῖς
525 1054 747 1104 Έλληνι-κοῖς
778 1057 836 1091 καὶ
868 1060 943 1095 ταῖς
974 1056 1007 1091 ἐν
1041 1057 1157 1095 αὐτοῖς
1187 1057 1349 1101 πόλεσι[ν]
1379 1054 1593 1103 Ἀρτεμίσιον.
1634 1068 1668 1092 v.
1695 1061 1738 1093 ⁴8
1753 1068 1835 1103 sqq.

244 1114 295 1150 διὸ
321 1114 494 1163 [δεδόχθαι
520 1114 618 1159 ἱερ]ὸν
643 1115 698 1149 τὸν
725 1118 818 1161 μῆνα
840 1115 899 1149 τὸν
924 1112 1162 1160 Ἀρτεμισιῶνα
1190 1114 1289 1158 εἶ[ναι
1313 1115 1423 1154 πάσας
1454 1114 1527 1159 flul<
1550 1114 1693 1162 ἡμέρας.
1741 1119 1836 1152 Saue

243 1168 320 1218 παρ’
337 1171 424 1217 ἡμῖν
449 1173 494 1206 ad
518 1173 695 1215 Ephesios
721 1173 885 1215 refertur,
920 1182 1031 1215 quem
1057 1173 1236 1215 populum
1260 1173 1423 1206 Ionicum
1448 1174 1650 1216 antiquitus
1674 1175 1835 1208 nominis

244 1231 363 1264 forma
387 1232 424 1263 in
448 1231 525 1263 ·ιών
550 1230 701 1263 cadente
725 1239 835 1263 usum
861 1239 940 1263 esse
963 1231 1092 1272 sponte
1117 1231 1227 1273 patet.
1267 1230 1314 1263 At
1337 1231 1466 1264 titulus
1483 1239 1568 1264 cum
1593 1230 1667 1264 fere
1691 1233 1834 1274 sesqui·

243 1288 388 1322 saeculo
414 1289 500 1331 post
524 1288 622 1321 Fabii
647 1288 946 1330 proconsulatum
972 1288 1131 1330 scriptus
1155 1288 1212 1330 sit,
1239 1290 1391 1330 apparet
1414 1297 1485 1321 non
1511 1289 1614 1321 illum
1638 1290 1831 1331 antiquum

243 1347 327 1379 anni
352 1346 516 1379 ordinem
541 1346 685 1388 respici,
711 1346 774 1378 sed
799 1345 910 1378 fastos
936 1346 1146 1387 provinciae
1162 1346 1353 1378 Romanae.
1393 1346 1462 1379 Sed
1487 1346 1523 1378 in
1547 1346 1604 1379 his
1627 1347 1717 1388 ipsis
1735 1347 1834 1389 quod

243 1403 447 1446 paullulum
480 1403 611 1435 inflexa
641 1404 696 1435 est
725 1402 956 1435 Macedonica
989 1403 1145 1436 nominis
1170 1403 1377 1436 terminatio
1413 1403 1459 1436 ad
1484 1412 1623 1436 morem
1654 1405 1836 1439 sermonis

244 1461 365 1502 Ionici‚
391 1460 427 1492 id
451 1460 582 1492 honori
607 1460 765 1492 civitatis
782 1460 1022 1501 Ephesiorum
1048 1461 1084 1492 et
1107 1461 1331 1493 reverentiae
1353 1461 1487 1493 Dianae
1503 1460 1688 1503 Ephesiae,
1714 1470 1735 1494 a
1759 1471 1834 1504 qua
1856 1451 1858 1454 ¹

244 1518 379 1550 mensis
395 1526 528 1550 nomen
545 1516 712 1558 habebat,
737 1517 917 1549 tributum
934 1517 1118 1549 existimo.
1238 1519 1280 1550 45
1312 1517 1363 1550 De
1387 1518 1608 1560 aspiratione
1624 1517 1668 1551 cf.
1685 1519 1762 1552 not.
1776 1521 1832 1553 39.

241 1575 296 1607 Ab
322 1584 414 1608 anno
441 1575 669 1607 intercalario
697 1583 833 1607 novum
859 1574 1038 1607 fastorum
1064 1574 1229 1607 ordinem
1262 1575 1422 1617 incipere
1445 1575 1530 1608 hinc
1553 1576 1698 1617 collegit
1721 1576 1834 1609 Wila-

242 1633 461 1674 mowitzlus,
493 1632 579 1674 quia
604 1632 692 1664 nihil
717 1632 815 1664 aliud
839 1632 909 1664 nisi
933 1627 1019 1664 ‘hoc
1043 1627 1149 1664 anno'
1174 1631 1375 1673 significare
1400 1634 1551 1674 possent
1574 1632 1696 1666 verba.
1737 1633 1835 1672 Quin

241 1690 379 1722 eisdem
404 1690 506 1723 annis
532 1689 783 1721 intercalatum
810 1689 857 1721 sit
882 1690 990 1731 atque
1016 1689 1052 1721 in
1078 1688 1178 1722 fastis
1204 1689 1461 1732 Romanorum,
1492 1690 1571 1722 tota
1600 1690 1692 1723 ratio
1722 1690 1835 1724 huius

242 1747 398 1779 instituti
424 1746 584 1779 dubitari
609 1755 681 1779 non
706 1747 800 1779 sinit.
849 1747 924 1779 Iam
950 1748 1101 1788 propter
1125 1755 1297 1788 errorem,
1331 1747 1375 1780 de
1406 1755 1481 1789 quo
1516 1747 1658 1780 dicetur
1681 1749 1755 1781 not.
1773 1750 1829 1790 50,
1842 1769 1853 1782 =„

242 1805 301 1837 hic
326 1813 399 1837 non
425 1805 546 1846 potest
571 1812 651 1837 esse
675 1804 858 1846 posterior
880 1812 992 1845 quam
1018 1807 1036 1836 9
1063 1813 1093 1836 a.
1113 1804 1192 1836 Chr.
1213 1813 1245 1836 n.
1287 1804 1356 1836 Sed
1380 1813 1424 1836 ne
1450 1804 1552 1846 prior
1575 1804 1723 1846 quidem
1748 1812 1831 1838 esse

244 1863 374 1904 potest,
405 1862 492 1903 quia
525 1864 561 1893 Η
586 1871 616 1894 a.
644 1861 725 1894 Chr.
749 1870 782 1894 n.
814 1870 929 1894 annus
961 1861 1173 1894 consulatus
1204 1861 1316 1893 Paulli
1349 1861 1447 1894 Fabii
1472 1861 1619 1894 Maximi
1649 1863 1715 1904 est,
1746 1863 1832 1904 post

242 1928 351 1961 quem
378 1919 525 1951 demum
551 1918 851 1960 proconsulatum
868 1918 973 1951 Asiae
997 1920 1125 1951 nactus
1150 1920 1216 1951 est.
1332 1921 1375 1950 46
1407 1917 1704 1951 subaudiendum
1729 1919 1832 1952 vide-

242 1978 302 2007 tur
330 1974 475 2019 ἡμέραν.
528 1975 620 2008 Nam
658 1976 941 2008 intercalationis
978 1976 1093 2018 ipsius
1130 1976 1314 2008 notionem
1350 1976 1498 2009 nomine
1538 1975 1768 2008 substantivo
1804 1974 1830 2020 ἡ

244 2030 496 2076 ἰντερκαλάριος
525 2033 681 2074 exprimi
712 2032 884 2065 credibile
917 2042 989 2065 non
1021 2034 1087 2075 est,
1124 2034 1160 2065 et
1192 2035 1289 2066 recte
1320 2033 1397 2066 dies
1429 2033 1493 2075 qui
1522 2033 1757 2067 intercalatur
1790 2034 1830 2066 in

243 2097 353 2122 causa
377 2097 457 2122 esse
481 2089 625 2130 dicitur,
651 2097 719 2121 cur
739 2091 840 2122 totus
858 2090 993 2122 mensis
1018 2090 1164 2131 triginta
1188 2090 1346 2122 duorum
1371 2089 1512 2122 dierum
1537 2098 1731 2123 numerum
1756 2090 1830 2122 col-

241 2146 337 2187 ligat.
448 2148 487 2177 47
519 2146 674 2178 Peritius
690 2148 842 2188 quartus
858 2148 914 2179 est
928 2148 1063 2180 mensis
1084 2148 1166 2179 anni
1182 2147 1389 2180 lunisolaris
1405 2147 1626 2180 Macedonici
1643 2147 1689 2180 ab
1706 2147 1830 2189 aequi-

242 2203 361 2235 noctio
387 2203 611 2236 auctumnali
634 2204 850 2245 incipientis,
877 2204 1101 2246 respondens
1125 2204 1398 2236 Atheniensium
1416 2203 1625 2246 Gamelioni‚
1652 2203 1828 2237 fastorum

241 2260 463 2293 Iulianorum
478 2260 552 2292 fere
567 2261 742 2293 Ianuario.
781 2261 872 2292 Cum
891 2261 1158 2294 hic-videamus
1180 2261 1348 2303 quintum
1361 2260 1544 2293 decimum
1557 2261 1636 2293 eius
1653 2261 1749 2294 diem
1767 2261 1830 2295 illo

242 2326 335 2350 anno
360 2318 396 2349 in
422 2327 451 2349 a.
470 2317 503 2350 d.
522 2317 616 2349 VIIII
641 2317 808 2350 calendas
833 2317 1046 2350 Februarias
1071 2318 1239 2359 incidere,
1265 2318 1433 2359 sequitur
1456 2319 1498 2350 ut
1525 2318 1661 2350 mensis
1685 2318 1830 2353 initium

242 2375 380 2416 ceperit
410 2383 430 2406 a
461 2374 602 2406 decimo
636 2374 694 2406 die
725 2375 859 2407 mensis
884 2375 1039 2408 Ianuarii
1070 2375 1246 2408 fastorum
1278 2375 1512 2408 Iulianorum.
1631 2377 1672 2408 48
1704 2375 1828 2408 Paullo

242 2432 363 2464 minus
389 2432 556 2464 accurate
590 2440 657 2473 pro
690 2429 714 2475 ἡ
738 2430 906 2475 νουμηνία
938 2434 1001 2464 aut
1032 2430 1055 2476 ἡ
1081 2431 1173 2478 ἀρχὴ
1198 2434 1257 2464 τοῦ
1292 2431 1398 2476 μηνὸς
1429 2431 1562 2464 dicitur
1593 2430 1617 2475 ἡ
1648 2430 1741 2478 ἀρχὴ
1766 2436 1827 2477 τῆς

239 2486 437 2532 νουμηνίας.
487 2487 591 2525 Quod
616 2498 650 2520 v.
669 2491 709 2520 50
737 2489 915 2530 scriptum
947 2491 1003 2521 est
1033 2487 1150 2535 ἄρχειν
1180 2488 1242 2533 τὴν
1273 2487 1352 2521 νέαν
1384 2486 1581 2533 νουμηνίαν,
1612 2488 1649 2521 id
1679 2489 1828 2527 omniuo

242 2546 339 2578 recte
370 2554 409 2578 se
439 2545 564 2586 habet;
602 2554 684 2578 nam
716 2554 800 2577 cum
831 2544 947 2591 ἄρχειν
979 2547 1026 2578 sit
1049 2541 1227 2588 ‘primum
1260 2541 1368 2587 esse’,
1401 2554 1475 2578 non
1505 2546 1628 2578 minus
1659 2547 1828 2580 accurate
1855 2548 1858 2587 g

242 2603 376 2635 dicitur
400 2601 496 2648 ἄρχει
520 2600 543 2645 ἡ
568 2601 745 2645 νουμηνία,
772 2612 880 2644 quam
909 2601 1050 2648 ἄρχεται
1075 2602 1092 2636 ὁ
1120 2602 1200 2647 μήν.
1249 2602 1433 2635 Manifesto
1459 2611 1547 2634 vero
1571 2602 1656 2635 hinc
1681 2603 1739 2635 ille
1763 2590 1858 2654 ιιο-’ῑΙ

242 2660 350 2692 minis
375 2658 465 2704 ἀρχή
491 2667 581 2692 usus
606 2661 709 2691 ortus
734 2661 799 2691 est.
910 2662 951 2692 49
986 2660 1089 2692 Diem
1114 2661 1176 2701 qui
1202 2659 1473 2692 Intercalaretur
1489 2659 1639 2701 reliquis
1656 2659 1828 2693 omnibus
1855 2655 1858 2664 ²

241 2717 319 2750 eius
349 2716 484 2749 mensis
517 2717 760 2758 praemissum
793 2725 884 2758 esse,
917 2716 1073 2758 ideoque
1097 2717 1222 2749 Latino
1254 2716 1485 2748 calendarum
1515 2716 1827 2750 intercalariarum

241 2774 386 2808 nomine
417 2773 659 2815 significatum
690 2773 862 2806 observat
887 2774 1098 2806 Mommsen.
1222 2776 1263 2805 50
1299 2773 1375 2805 Hoc
1407 2773 1500 2805 redit
1529 2773 1566 2805 in
1591 2773 1703 2806 Paulli
1726 2773 1826 2807 Fabii

241 2831 472 2872 proconsulis
497 2830 626 2863 litteris
658 2830 834 2872 epistulae
859 2830 1007 2862 annexis
1033 2830 1076 2862 de
1100 2830 1183 2862 anni
1209 2829 1334 2862 ordine
1361 2830 1403 2870 (v.
1429 2831 1504 2864 not.
1522 2830 1589 2872 23),
1620 2829 1684 2862 ubi
1707 2830 1762 2863 sic
1785 2838 1826 2863 se

240 2887 370 2920 habet:
402 2885 461 2920 δύο
488 2885 600 2931 μέσων
624 2885 814 2932 γενομένων
839 2885 936 2928 [ἐτῶν
961 2903 1110 2910 -------
1111 2886 1121 2928 j
1149 2884 1153 2930 Ι
1179 2884 1269 2919 κατὰ
1298 2885 1360 2930 τὴν
1379 2881 1604 2931 Ῥωμα“ι”[κ]ἡν
1637 2884 1826 2931 συνήθηαν.
