1858 3126
571 129 658 162 vul.
694 129 763 162 Res
786 131 823 162 et
846 128 959 162 verba
983 129 1208 163 notabiliora.

144 264 286 311 λιμένας
300 263 376 301 κτλ.
392 266 536 310 441,05.
552 273 626 301 103.
644 272 720 302 106.
751 277 854 311 προσ-

145 320 256 369 ορίσαι
287 322 340 367 (τὰ
363 321 512 371 δισχίλια
536 321 671 368 πλέθρα
692 325 756 369 τῆς
779 323 852 368 γῆς)

145 378 194 418 εἰς
221 379 285 427 τὴν
307 374 435 415 Ἰλιέων
463 378 487 426 ἢ
515 378 677 427 Σκηψίων
701 380 780 423 221,
799 385 853 413 24.

145 434 186 471 οὔ
210 434 250 472 ἂν
274 435 299 482 ἡ
321 438 422 484 χώρα
443 436 483 482 ἧι
504 435 764 483 προσωρισμένη
789 434 854 469 ὑπὸ

143 491 319 539 Λαοδίκης
350 493 428 538 225,
450 501 501 528 14.
553 492 611 528 ἐὰν
643 491 853 540 προσορισθῇ

144 547 169 595 ἡ
204 552 303 598 χώρα
330 567 379 574 -
405 551 449 598 τῇ
488 549 585 584 πόλει
622 550 665 598 τῇ
703 549 855 596 ἡμετέρᾳ

146 606 226 651 229,
244 613 305 641 101

100 662 332 711 προσοφείλω·
366 663 411 699 τὰ
439 663 597 709 βασιλικὰ
630 662 853 710 ὀφειλήματα,

146 718 170 755 ἃ
196 719 430 767 προσώφειλον
466 721 500 756 οἱ
535 721 570 756 ἐν
603 718 765 767 Αἰγύπτῳ
796 719 855 754 καὶ

145 776 179 812 οἱ
202 776 238 812 ἐν
252 777 297 824 τῇ
311 775 420 825 λοιπῇ
441 777 594 824 βασιλείᾳ
617 777 673 821 90,
693 784 746 812 13.
784 781 853 810 τῶν

141 827 478 881 Δπροσωφειλητιότων
508 834 560 879 τῷ
584 833 737 881 δημοσίῳ
762 832 854 880 λόγῳ

146 890 226 935 669,
244 896 299 926 21.
349 890 390 930 ἃς
420 891 669 938 προσωφείλετε
700 890 855 937 δραχμὰς

146 947 376 996 ένακισχιλίας
393 949 471 992 751,
486 955 516 983 6.
555 948 615 982 καὶ
630 947 736 987 ἄλλας
753 948 856 995 δραχ-

147 1005 215 1050 μὰς
253 1003 482 1053 ἐνακισχιλίας
527 1004 567 1044 ἃς
606 1003 856 1052 προσωφείλετε

147 1059 233 1107 ἡμῖν
255 1061 337 1106 751,
357 1069 397 1096 15

101 1116 444 1165 προσπυνθανόμενος
469 1118 524 1161 90,
541 1125 581 1152 35

101 1173 302 1222 πρόσταγμα
339 1175 418 1219 224,
449 1181 478 1208 2.
517 1175 595 1218 225,
623 1181 676 1210 37.
716 1174 794 1217 665,
825 1181 855 1207 3.

147 1229 389 1278 προστάγματα
427 1232 506 1274 331,
533 1238 587 1265 41.
618 1238 673 1266 σο.
726 1229 768 1264 τὰ
807 1229 856 1268 εἷς

145 1299 220 1323 τινα
240 1287 362 1336 χρόνον
386 1287 689 1336 κεχρηματισμένα
711 1286 856 1333 προστά·

14 1315 20 1340 Γ
86 1360 89 1361 ’
146 1357 262 1392 γματα
289 1345 367 1389 329,
386 1352 438 1379 14.
484 1343 686 1382 ἀκολούθως
709 1362 755 1368 -
783 1347 857 1381 τοῖς

147 1401 318 1448 γεγονόσιν
365 1397 422 1436 ὑπ’
454 1400 558 1436 αὐτοῦ
605 1400 856 1447 προστάγμασιν

147 1459 226 1503 771,
245 1465 287 1493 ιο

102 1515 263 1563 προστάς·
294 1514 330 1550 ἐν
358 1519 416 1561 τῆι
446 1514 609 1561 προστάδι
638 1517 699 1549 τοῦ
731 1526 856 1559 πρυτα-

146 1571 239 1607 νείου
264 1573 319 1617 51,
337 1579 379 1606 22

104 1627 291 1675 προστασία
315 1629 393 1672 168,
411 1635 465 1662 43.
489 1629 567 1672 331,
585 1635 626 1663 22

14 1677 33 1736 ‘23³
104 1685 305 1731 προστάσσω
323 1684 470 1730 passim

29 1784 35 1793 .
57 1749 64 1753 ”
103 1742 316 1789 προστατέω·
350 1741 468 1780 καλῶς
498 1742 557 1777 καὶ
587 1740 688 1780 ἀξίως
711 1743 773 1785 τῆς
797 1741 857 1774 πό-

148 1797 237 1838 λεως
259 1798 512 1845 προεστάτησαν
535 1798 592 1842 48,
612 1805 641 1831 7.
662 1804 679 1831 8

103 1855 294 1904 προστάτης
309 1856 428 1900 645,8.
467 1859 530 1901 τῆς
553 1852 859 1901 μητροπόλεως-

29 1915 34 1921 ’
90 1928 93 1929 ’
149 1910 308 1960 Ἀγκύρας
339 1913 419 1957 549,
439 1919 469 1947 6.
524 1916 587 1959 τῆς
616 1911 757 1946 συνόδου
789 1917 858 1946 τῶν

151 1969 352 2015 βασιλιστῶν
379 1970 456 2013 130,
476 1977 528 2004 16.
573 1968 765 2014 προστάτης
789 1970 859 2011 (τοῦ

152 2026 256 2072 ἱεροῦ)
270 2026 350 2070 531,
366 2033 396 2061 3.
412 2034 442 2060 7.
481 2025 670 2072 προστάτου
687 2044 735 2051 -—
752 2023 860 2072 Σρου-

151 2081 284 2130 πτίχιος
300 2082 383 2121 θεᾶς
400 2082 584 2130 γενομένου
603 2083 722 2126 209,4.
777 2093 860 2127 προ-

153 2138 286 2173 στάται·
303 2136 510 2184 Καλυμνίων
519 2149 527 2158 ·
539 2140 658 2186 γνώμα
671 2141 859 2187 προστατᾶν

152 2196 231 2238 243,
250 2202 267 2228 3

18 2280 39 2307 ‚-³
106 2249 330 2297 προστίθημι·
354 2251 412 2285 καὶ
435 2251 493 2286 ἐάν
509 2263 541 2285 τι
564 2253 647 2299 πρὸς
662 2252 785 2291 ταύτας
801 2252 860 2291 τὰς

154 2307 326 2353 συνθήκας
359 2308 378 2342 ὁ
410 2308 519 2354 δῆμος
550 2308 568 2342 ὁ
589 2306 774 2354 Ῥωμαίων
804 2309 863 2343 καὶ

154 2364 172 2399 ὁ
197 2364 308 2410 δῆμος
339 2363 357 2398 ὁ
381 2361 584 2412 Κιβυρατιῑιν
616 2364 815 2411 προσθεῖναι
837 2365 860 2411 ἢ

155 2420 283 2462 ἐξελεῖν
315 2419 503 2466 βούλωνται
535 2422 612 2464 762,
632 2429 661 2455 8.
710 2421 732 2456 ἃ
758 2422 796 2456 δὲ
821 2421 861 2456 ἂν

155 2475 379 2525 προστιθῶσιν
394 2475 430 2511 ἐν
442 2480 517 2515 ταῖς
534 2475 729 2523 συνθήκαις,
739 2477 862 2512 ἐνέστω

152 2534 192 2569 ἐν
214 2537 289 2573 ταῖς
314 2532 501 2580 συνθήκαις
525 2534 671 2577 762,10.
713 2534 745 2568 οἰ
770 2534 864 2580 βασί·

154 2590 237 2637 ληες
260 2589 510 2637 προστίθησθον
526 2595 575 2624 τῶ
597 2589 866 2636 κατεληλύθοντι

156 2649 189 2692 2,
209 2656 239 2682 1.
286 2647 319 2682 οὶ
342 2646 501 2693 βασίληες
525 2646 777 2693 προστίθησθον
800 2652 864 2681 τῶι

156 2705 191 2739 ἐν
221 2708 276 2739 τᾶι
306 2704 384 2739 πόλι
422 2703 547 2749 πρόσθε
580 2703 670 2738 ἐόντι
708 2704 740 2747 2,
760 2711 789 2738 0.
811 2711 863 2739 10.

156 2760 528 2807 ψῆφονπροσθέμενος
559 2761 645 2795 ὥστε
669 2760 865 2794 ἀποκτεῖναι

157 2818 236 2862 218,
255 2825 330 2852 102.
370 2817 450 2855 τοὺς
481 2817 551 2862 τὴμ
581 2817 696 2863 ψῆφον
721 2815 864 2863 προσθε-

159 2874 281 2919 μένους
305 2875 383 2918 218,
411 2882 464 2909 90.
511 2875 555 2909 τὰ
578 2873 786 2918 ἀναλώματα
817 2872 865 2911 εἰς

1591 131 1674 173 701

969 266 1026 300 τὸν
1036 264 1315 312 άγῶνα-ἡμεῖν
1323 264 1514 313 προσετέθη
1531 267 1609 311 595,
1626 275 1639 301 1
1647 274 1678 302 2.

969 322 1012 357 τὰ
1027 322 1235 369 ἀναλώματα
1249 341 1297 348 -·
1312 322 1429 361 αὐτοῖς
1449 322 1679 369 προστεθῆναι

971 381 1048 423 595,
1063 386 1117 414 26.
1157 380 1234 425 περὶ
1250 384 1316 413 τῶν
1332 379 1464 418 τούτοις
1480 380 1679 426 προστεθέν-

970 447 1037 470 των
1062 436 1348 484 προσγενημάτων
1373 436 1452 479 669,
1472 443 1510 470 61

923 492 1126 538 πρόστιμον·
1156 492 1358 539 προστείμου
1391 492 1532 539 ὀνόματι
1560 493 1609 532 είς
1639 494 1679 529 τὸ

970 548 1132 595 δημόσιον
1152 549 1369 586 κατατιθέναι
1393 550 1470 593 527,
1486 558 1515 584 7.
1554 549 1578 595 ἢ
1596 549 1680 584 ὑπο-

969 605 1114 640 κείσεται
1126 607 1174 653 τῷ
1183 605 1471 653 προγεγραμμένῳ
1484 606 1678 653 προστείμῳ

971 664 1048 706 572,
1067 670 1122 697 48.
1170 663 1257 698 εἶναι
1279 663 1318 696 τὸ
1349 661 1509 710 ἐνέχυρον
1534 662 1614 698 ὅσου
1639 662 1679 698 ἂν

969 719 1007 754 τὸ
1040 723 1180 766 πρᾶγμα
1210 719 1268 754 καὶ
1291 719 1330 754 τὸ
1361 716 1410 754 ἐπ’
1430 719 1522 766 αὐτῷ
1543 720 1680 766 πρόστι·

972 789 1034 821 μον
1059 771 1083 824 ᾗ
1107 777 1186 819 484,
1206 782 1247 810 52

924 833 1132 880 προσφάγιον
1156 833 1235 876 484,
1255 839 1295 866 26

924 890 1118 937 πρόσφατος
1127 900 1135 908 ·
1150 888 1335 935 ἐληλυθότι
1343 889 1546 936 προσφάτως
1555 891 1654 934 315,2
1661 899 1677 926 3

924 946 1117 993 προσφέρω.
1183 947 1211 980 1.
1251 944 1427 982 activum:
1475 946 1539 981 οὐκ
1578 947 1680 986 ἐάσας

971 1002 1093 1041 αὐτοὺς
1116 1002 1159 1037 τὰ
1175 1002 1258 1047 πρὸς
1273 1002 1335 1047 τὴν
1351 1002 1492 1048 τελετὴν
1510 1003 1681 1050 ἀνήκοντα

973 1059 1082 1094 πάντα
1093 1056 1302 1105 παρ’έαυτῶν
1314 1063 1551 1106 προσενεγκεῖν
1562 1061 1640 1103 764,
1650 1069 1680 1095 8.

972 1118 1005 1151 2.
1028 1115 1204 1151 medium:
1244 1115 1383 1155 τούτους
1416 1116 1453 1151 δὲ
1493 1117 1582 1158 (τοὺς
1615 1115 1682 1151 Σα-

972 1173 1069 1219 μίους
1091 1172 1170 1210 τοὺς
1194 1175 1434 1211 κατοικοῦντας
1462 1173 1496 1207 ἐν
1522 1171 1680 1219 Πριήνηι)

971 1231 1010 1265 τὸ
1027 1229 1094 1264 ἀπὸ
1110 1233 1173 1275 τῆς
1197 1233 1260 1274 γῆς
1284 1229 1479 1275 γιγνόμενον
1502 1230 1682 1276 προσενέγ-

939 1287 1096 1323 Ἣσθαι
1119 1284 1316 1333 Πριηνεῦσιν
1343 1286 1396 1329 13,
1417 1293 1468 1320 19.
1488 1293 1541 1321 20.
1579 1287 1682 1332 κυρία

973 1344 1059 1379 ἔστω
1098 1343 1275 1391 (Λαοδίκη)
1311 1344 1573 1392 προσφερομένη
1609 1343 1680 1389 (τὴν

970 1403 1098 1448 χώραν)
1129 1402 1212 1448 πρὸς
1244 1401 1343 1437 πόλιν
1372 1402 1414 1447 ἣν
1445 1401 1485 1436 ἂν
1515 1400 1682 1447 βούληται

973 1458 1051 1502 225,
1069 1466 1099 1493 9.
1139 1458 1202 1504 τὴν
1217 1459 1334 1507 χώραν
1351 1458 1413 1504 τὴν
1435 1458 1620 1504 δεδομένην
1635 1476 1681 1482 -

972 1514 1260 1562 προσενέγκασθαι
1299 1515 1383 1562 πρὸς
1422 1515 1483 1560 τὴν
1516 1513 1680 1560 ὑμετέραν

972 1572 1071 1607 πόλιν
1097 1573 1174 1616 221,
1197 1580 1246 1606 11.
1286 1571 1574 1618 προσενέγκασθαι
1598 1572 1682 1616 πρὸς

971 1629 1034 1675 τὴν
1050 1624 1179 1663 Ἰλιέων
1197 1628 1295 1663 πόλιν
1312 1627 1336 1674 ἢ
1355 1628 1521 1675 Σκηψίων
1539 1629 1601 1662 221
1607 1635 1680 1672 ,20.

972 1684 1261 1732 προσενέγκασθαι
1285 1686 1368 1732 πρὸς
1392 1685 1434 1730 ἣν
1452 1684 1502 1730 ἂμ
1519 1684 1682 1731 βούληται

972 1741 1070 1776 πόλιν
1093 1746 1161 1776 τῶν
1186 1742 1220 1776 ἐν
1250 1742 1294 1789 τῇ
1324 1743 1433 1790 (χώρᾳ
1455 1742 1524 1784 καὶ)
1550 1736 1683 1787 συμμα-

972 1798 1033 1846 χίᾳ
1051 1799 1192 1842 221,44.
1210 1807 1262 1834 58.
1278 1806 1331 1833 70.
1364 1799 1448 1844 πρὸς
1463 1797 1562 1832 πόλιν
1580 1809 1683 1843 προσ-

974 1854 1121 1890 οίσονται
1146 1854 1216 1899 (τὴν
1241 1856 1369 1901 χώραν)
1393 1854 1435 1900 ἣν
1460 1854 1508 1901 ἂμ
1533 1854 1683 1900 βούλων-

972 1924 1028 1946 ται
1063 1913 1140 1955 225,
1165 1918 1218 1946 12.
1269 1911 1401 1959 έάμπερ
1441 1911 1490 1957 μὴ
1525 1910 1682 1957 Λαοδίκη

972 1967 1133 2016 τυγχάνει
1179 1968 1341 2015 πρότερον
1388 1967 1682 2014 προσενηνεγμένη

975 2026 1047 2072 (τὴν
1070 2026 1198 2073 χώραν)
1232 2026 1315 2071 πρὸς
1338 2024 1439 2060 πόλιν
1463 2025 1541 2068 225,
1562 2032 1616 2061 13.
1639 2043 1682 2051 —-

974 2081 1311 2129 προσενηγνεγμένης
1351 2081 1455 2127 αὐτῆς
1495 2083 1566 2129 (τῆς
1607 2093 1684 2128 συγ-

974 2139 1114 2185 κλήτου)
1168 2139 1212 2185 τῇ
1266 2137 1362 2173 πόλει
1421 2137 1685 2184 συμπαθέστατα

975 2197 1054 2240 456,
1074 2202 1113 2230 65

930 2251 1125 2299 προσφιλῶς
1150 2253 1227 2295 331,
1247 2259 1264 2286 9

930 2307 1156 2356 προσφωνέω·
1183 2307 1241 2342 ἐὰν
1267 2308 1304 2341 δέ
1319 2319 1369 2346 τις
1386 2306 1589 2341 αὐτόστολον
1605 2319 1686 2341 ναυ·

975 2365 1082 2412 λώσῃ,
1108 2363 1349 2410 προσφωνείτω
1374 2365 1451 2407 572,
1470 2371 1510 2398 43

930 2422 1132 2469 πρόσχημα·
1180 2420 1235 2455 διὰ
1272 2421 1310 2455 τὸ
1349 2424 1409 2455 τοῦ
1449 2420 1565 2467 γένους
1605 2420 1687 2468 πρό-

978 2491 1097 2526 σχημα
1119 2479 1197 2522 470,
1216 2484 1256 2512 24

931 2535 1183 2582 προσχράομαι·
1221 2534 1313 2573 ὅπως
1335 2553 1383 2559 -
1413 2533 1554 2571 ἐκείνοις
1583 2545 1686 2578 προσ-

976 2591 1148 2639 χρήσηται
1200 2592 1263 2636 τὴν
1322 2592 1438 2638 χώραν
1498 2591 1686 2634 διαμετρῶν

980 2649 1057 2691 502,
1078 2654 1116 2681 12

932 2704 1153 2751 πρόσχωρος·
1185 2702 1257 2737 ὅσοι
1288 2702 1326 2736 δὲ
1356 2706 1468 2749 τοῖχοι
1491 2701 1687 2748 πρόσχωροι

979 2759 1072 2798 ὄντες
1113 2758 1316 2804 βλάπτουσιν
1354 2758 1432 2796 τοὺς
1474 2758 1686 2797 ἐνοικοῦντας

978 2816 1057 2859 483,
1078 2822 1139 2850 120

933 2872 1113 2920 πρόσωπον
1130 2872 1208 2915 432,
1223 2878 1250 2905 1.
1271 2871 1349 2905 433.
1367 2871 1487 2915 434,1.
1526 2871 1687 2917 πρεσβευ-
