1858 3126
191 138 276 180 630

190 272 434 319 ἀνεμπόδιστος
459 272 535 316 383,
556 278 618 306 129

189 329 365 375 ἀνενδεὴς·
402 328 513 368 πάσας
548 328 757 376 λειτουργίας
780 348 828 354 -·
857 328 950 364 τελέ-

236 398 341 421 σαντα
364 385 532 424 ἀνενδεῶς
557 386 634 430 537,
655 393 695 421 12

189 442 462 490 ἀνεπαισθήτους
477 447 540 489 τῆς
556 444 784 489 περιστάσεως
811 444 949 487 (πάντας

236 500 411 547 ἐτήρησεν)
440 502 517 545 194,
540 509 577 535 13

189 557 450 606 ἀνεπηρεάστως
475 559 554 602 665,
573 565 612 593 54

188 615 458 661 ἀνεπίσταθμος·
491 615 579 650 εἷναι
601 616 640 650 τὸ
667 615 729 660 μὲν
757 615 843 661 ἱερὸν
869 613 948 649 ἄσυ-

234 672 307 717 λον,
354 674 416 719 τὴν
457 673 495 707 δὲ
534 674 657 719 κώμην
697 671 947 717 ἀνεπίσταθμον

235 731 314 774 262,
335 737 374 764 13

187 786 495 833 dvemupfirmeoe)
521 788 552 831 7,
570 794 587 820 4

189 842 415 888 ἀνεριθεύτως
441 845 471 887 7,
491 851 508 877 4

187 900 389 939 ἀνεύθυνος·
426 899 634 935 ἀδικώτατον
665 900 730 947 γάρ
763 900 833 935 ἐστι
865 899 947 935 πολ-

233 956 310 995 λοῖς
334 956 506 1004 ἐπάγοντα
519 957 696 996 ’κινδύνους
711 977 758 982 -
775 957 876 992 αὐτὸν
894 957 950 992 διὰ

234 1015 359 1053 παντὸς
382 1014 568 1050 ἀνεύθυνον
595 1013 683 1049 εἶναι
707 1015 785 1059 669,
805 1022 844 1049 43

186 1070 415 1117 ἀνευφημέω·
452 1073 582 1111 πάντας
619 1072 861 1118 ἀνευφημῆσαι
892 1084 948 1105 κε-

234 1127 378 1162 λεύοντα
403 1129 482 1173 332,
501 1137 542 1164 47

186 1183 311 1230 ἀνεψιά
335 1186 411 1229 144,
432 1194 462 1220 4.
489 1187 567 1230 581,
588 1194 603 1220 1

187 1240 324 1288 ἀνεψιός
349 1243 427 1287 331,
447 1250 500 1278 30.
526 1244 604 1287 544,
625 1252 642 1278 7

186 1298 321 1345 ἀνήκω·
359 1299 443 1346 ὑπὲρ
474 1305 541 1334 τῶν
575 1299 717 1339 ἐκείνοις
752 1300 947 1348 ἀνηκόντων

231 1356 341 1391 πάντα
376 1357 532 1392 κίνδυνον
570 1356 750 1404 ὑπομενεῖν
788 1359 865 1402 532,
895 1367 946 1393 17.

231 1418 299 1447 τῶν
339 1414 423 1460 πρὸς
462 1415 526 1459 τὴν
576 1413 742 1461 ὑμετέραν
783 1415 946 1462 βοήθειαν

233 1469 430 1516 ἀνηκόντων
456 1472 534 1515 669,
555 1480 584 1507 8.
633 1471 746 1506 πολλὰ
769 1478 836 1506 τῶν
861 1474 947 1519 πρὸς

231 1527 428 1574 ἐπιφάνειαν
483 1528 543 1563 καὶ
598 1527 695 1569 δόξαν
749 1530 946 1576 ἀνηκόντων

233 1585 310 1628 763,
330 1591 383 1619 20.
433 1590 502 1619 τῶν
533 1584 581 1623 εἰς
611 1587 715 1632 τιμὴν
751 1587 810 1621 καὶ
847 1587 945 1627 δόξαν

232 1641 428 1688 ἀνηκόντων
455 1643 532 1686 763,
550 1650 601 1677 36.
621 1650 676 1678 43.
715 1644 757 1678 τὰ
781 1645 865 1690 πρὸς
890 1645 947 1680 δό-

232 1697 290 1738 ξαν
322 1699 380 1733 καὶ
411 1699 553 1745 μνήμην
586 1699 759 1745 ἀνήκοντα
790 1703 866 1746 771,
892 1710 946 1738 53.

231 1756 275 1791 τὰ
291 1757 376 1802 πρὸς
391 1757 454 1803 τὴν
470 1757 611 1804 τελετὴν
627 1758 801 1805 ἀνήκοντα
818 1760 895 1803 764,
915 1767 946 1794 8.

230 1813 291 1847 τὰν
307 1812 567 1859 ἐπικαιροτάταν
581 1816 777 1862 συμμαχίαν
790 1816 849 1850 καὶ
862 1817 946 1862 πρὸς

232 1870 401 1916 σωτηρίαν
425 1875 487 1909 τᾶς
511 1871 631 1910 πόλιος
656 1871 840 1918 ἀνήκοισαν
863 1873 947 1920 ἀγα-

230 1928 299 1973 γών
325 1928 403 1972 767,
423 1935 461 1963 11

184 1983 333 2020 ἀνθεών·
370 1985 426 2019 τὸν
465 1986 580 2031 βωμὸν
612 1986 671 2021 καὶ
699 1987 757 2021 τὸν
789 1985 944 2022 ἀνθεῶνα

230 2039 326 2079 θεοῖς
350 2042 428 2086 365,
449 2050 465 2075 7

183 2097 414 2144 ἀνθρώπινος·
457 2099 519 2133 ὅσα
554 2099 759 2146 ἀνθρωπίνῳ
791 2100 946 2147 λογισμῷ

231 2156 263 2199 5,
284 2163 336 2189 56.
358 2163 397 2189 57

183 2211 426 2248 ἀνθυπατεύω·
459 2212 755 2251 ἀνθυπατεύοντος
780 2215 858 2257 517,
880 2222 918 2248 10

180 2268 376 2309 ἀνθύπατος
415 2271 494 2314 441,
523 2277 597 2307 112.
636 2271 766 2314 443,1.
807 2272 885 2314 449,
913 2278 943 2305 3.

229 2327 308 2370 450,
334 2333 364 2361 2.
401 2328 480 2371 451,
509 2335 539 2362 3.
574 2329 653 2372 458,
674 2335 703 2361 4.
731 2335 784 2362 57.
811 2334 864 2362 62.
889 2335 942 2362 80.

228 2384 308 2427 460,
324 2390 354 2418 2.
380 2386 498 2427 461‚3.
523 2385 602 2428 467,
619 2393 650 2419 4.
674 2385 794 2429 468,5.
821 2386 899 2428 477,
912 2392 941 2419 4.

229 2440 308 2484 478,
335 2448 364 2474 6.
414 2442 491 2485 480,
522 2448 573 2475 12.
621 2442 700 2485 481,
729 2449 758 2476 6.
813 2443 892 2485 487,
912 2449 941 2476 2.

229 2498 307 2540 493,
333 2504 387 2532 42.
429 2499 506 2542 511,
537 2506 588 2532 11.
630 2500 707 2542 512,
734 2507 764 2532 7.
805 2499 882 2543 568,
911 2507 940 2533 6.
976 2465 979 2529 Ι

229 2554 308 2599 583,
328 2562 358 2590 3.
392 2555 469 2599 584,
490 2562 520 2589 2.
551 2557 628 2599 647,
649 2562 678 2589 2.
724 2556 762 2590 τὸ
791 2555 860 2602 τρὶς
885 2555 942 2589 ἀν-

187 2644 191 2647 .
228 2611 373 2658 θυπάτῳ
413 2613 492 2656 469,
523 2619 554 2647 2.
609 2611 794 2658 ἀνθυπάτῳ
833 2613 872 2647 τὸ
913 2605 944 2658 β’

228 2670 308 2714 476,
330 2677 361 2706 8.
408 2670 592 2717 στρατηγὸς
626 2669 820 2708 ἀνθύπατος
849 2666 942 2705 (Ρω-

230 2726 340 2771 μαίων
375 2728 456 2772 439,
486 2735 517 2762 4.
576 2726 765 2762 ἀνθύπατοι
802 2729 879 2771 508,
912 2736 941 2762 5.

229 2783 422 2822 ἀνθύπατος
461 2781 570 2823 Ἀσίας
609 2785 688 2829 486,
723 2792 754 2820 3.
796 2785 876 2829 490,
912 2793 942 2819 7.

228 2841 376 2885 495,16.
411 2843 488 2886 518,
508 2849 539 2876 4.
590 2840 784 2880 ἀνθύπατος
807 2839 943 2890 Ἀχαΐας

227 2898 371 2942 543,17.
399 2899 543 2943 548,11.
579 2898 773 2938 ἀνθύπατος
787 2897 940 2945 Κρήτης,

907 135 1058 169 Indices.

1068 270 1234 319 Κυρήνης
1250 273 1330 317 486,
1342 280 1395 308 10.
1435 272 1628 312 ἀνθύπατος
1644 272 1775 310 Πόντου

1065 330 1124 364 καὶ
1147 328 1334 368 Βειθυνίας
1359 331 1436 374 535,
1455 338 1472 365 5

1021 386 1213 432 ἀνιέρωσις·
1253 387 1354 426 εἰδὼς
1392 386 1595 434 ποιούμενον
1632 388 1677 423 τὰ
1713 393 1777 435 τῆς

1066 443 1276 490 ἀνιερώσεως
1302 445 1380 488 736,
1401 453 1439 482 17

1021 500 1180 547 ἀνίκητος
1204 499 1305 547 Ἄρης
1334 502 1414 547 200,
1433 509 1463 537 6.
1489 509 1542 538 29.
1587 502 1777 548 ἀνεικήτοις

1068 557 1277 603 (Σεβαστοῖς)
1315 559 1393 603 515,
1418 566 1471 594 56.
1523 557 1588 594 Δία
1617 559 1776 605 ἀνίκητον

1059 609 1182 650 ’Ἥλιον
1198 615 1278 651 θεὸν
1296 614 1418 662 Αὖμον
1442 617 1521 660 619,
1540 624 1570 652 3.
1607 616 1778 662 ἀνεικήτῳ

1068 671 1230 719 Σεβαστῷ
1261 675 1339 718 647,
1367 681 1397 709 3.
1443 672 1688 720 Διοκλητιανδν
1719 675 1776 708 τὸν

1066 728 1226 775 ἀνίκητον
1252 731 1330 774 718,
1350 738 1367 765 3

1021 785 1192 825 ἀνίλατος·
1229 787 1423 826 ἀνειλάτους
1458 788 1533 836 ἔχει
1556 787 1674 826 ποινάς
1699 788 1776 832 383,

1069 851 1144 878 119.
1198 843 1366 888 δαιμόνων
1402 845 1487 892 ὀργή
1522 865 1570 870 -
1604 844 1778 884 ἀνείλατος

1067 901 1153 934 ἔστω
1179 901 1256 944 383,
1276 907 1340 935 212

1020 957 1154 992 ἀννῶνα
1177 959 1255 1002 200,
1277 965 1316 992 16

1019 1014 1269 1050 ἀννωνεύεσθαι
1299 1016 1378 1060 200,
1405 1022 1459 1051 27.
1514 1015 1779 1062 ἀννωνευόμενοι

1066 1073 1145 1115 200,
1165 1079 1205 1108 2ο

1019 1129 1209 1175 ἀνοίγνυμι·
1245 1129 1376 1170 ἀνοῖξαι
1411 1129 1449 1164 δὲ
1477 1129 1558 1169 τοὺς
1590 1130 1691 1177 ἱερεῖς
1719 1129 1780 1166 καὶ

1065 1186 1126 1224 τὰς
1157 1186 1278 1231 ἱερείας
1308 1187 1351 1222 τὰ
1385 1187 1458 1233 ἱερά
1485 1188 1564 1231 222,
1588 1194 1640 1222 36.
1696 1187 1778 1226 τοὺς

1068 1243 1169 1289 ἱερεῖς
1192 1244 1251 1278 καὶ
1266 1243 1327 1282 τὰς
1346 1244 1466 1290 ἱερείας
1487 1244 1682 1285 ἀνοίξαντας
1696 1244 1784 1284 τοὺς·

1065 1300 1167 1339 ναοὺς
1190 1306 1256 1335 τῶν
1280 1301 1370 1336 θεῶν
1404 1302 1482 1347 332,
1502 1309 1556 1338 28.
1600 1302 1779 1344 ἀνοίξαντα

1065 1358 1102 1391 τὸ
1127 1358 1310 1404 γυμνάσιον
1336 1359 1414 1403 529,
1434 1366 1472 1393 11

1021 1413 1273 1460 ἀνοικοδομὲω·
1302 1415 1554 1462 ἀνοικοδόμησε
1579 1418 1611 1461 8,
1629 1423 1648 1451 2

1019 1471 1196 1518 ἀνορθόω·
1227 1471 1432 1517 ἀνώρθωσεν
1456 1474 1535 1518 458,
1555 1481 1585 1508 7.
1631 1474 1670 1508 τὸ
1694 1485 1777 1519 προ·

1065 1528 1206 1564 πύλαιον
1230 1530 1345 1575 χρόνῳ
1370 1527 1555 1577 διαφθαρὲν
1571 1530 1776 1577 ἀνώρθωσεν

1066 1586 1107 1621 ἐκ
1129 1589 1190 1621 τοῦ
1215 1586 1299 1621 ἰδίου
1325 1587 1402 1630 710,
1422 1595 1440 1622 4

1019 1643 1261 1690 ἀντεπίτροπος
1309 1643 1494 1692 ἐπαρχείας
1539 1642 1776 1692 Μαυρετανίας

1065 1699 1267 1748 Τιγγιτανῆς
1290 1702 1370 1745 480,
1389 1709 1419 1736 5.
1459 1700 1701 1747 ἀντεπίτροπον
1717 1700 1776 1737 Τι-

1066 1757 1179 1804 βερίου
1201 1754 1348 1793 Ἰουλίου
1378 1756 1592 1804 Ἀλεξάνδρου
1623 1758 1776 1806 ἐπάρχου

1063 1818 1123 1849 τοῦ
1144 1812 1339 1850 Ἰουδαϊκοῦ
1363 1819 1506 1861 στρατοῦ
1531 1817 1608 1860 586,
1628 1824 1646 1850 5

1848 1052 1858 1149 ,1

1843 1143 1858 1574 ί

1016 1871 1223 1918 ἀντιῖραφῆ·
1259 1873 1322 1918 τὴν
1357 1871 1451 1907 θείαν
1487 1873 1694 1919 ἀντιγραφὴν
1728 1892 1775 1898 -

1063 1928 1250 1974 προέταξαν
1275 1931 1354 1973 262,
1374 1936 1414 1964 28

1015 1986 1218 2032 ἀντίγραφον
1258 1987 1336 2030 224,
1371 1993 1401 2021 6.
1455 1989 1517 2020 τοῦ
1557 1986 1774 2033 ψηφίσματος

1064 2043 1140 2086 737,
1173 2050 1226 2077 22.
1277 2046 1338 2077 τοῦ
1375 2043 1603 2090 διατάγματος
1638 2044 1716 2087 669,
1741 2050 1772 2078 2.

1061 2105 1124 2145 τῆς
1164 2099 1350 2146 ὁμολογίας
1384 2100 1428 2145 ἧς
1463 2099 1686 2145 πεποιήμεθα
1716 2099 1775 2134 καὶ
1838 2119 1839 2123 =

1061 2161 1121 2191 τοῦ
1146 2155 1250 2202 ὅρκου
1275 2156 1464 2203 ἀντίγραφα
1494 2159 1525 2201 5,
1546 2164 1598 2192 71.
1618 2164 1672 2192 72.
1711 2156 1773 2195 τὰς

1062 2212 1246 2260 ὁμολογίας
1270 2232 1313 2239 -
1338 2214 1397 2248 καὶ
1431 2219 1499 2248 τῶν
1535 2214 1646 2260 ὅρκων
1683 2213 1774 2248 ἀντί·
1834 2222 1836 2225 ·

1059 2283 1173 2317 γραφα
1198 2271 1229 2314 6,
1245 2278 1274 2304 7.
1295 2278 1325 2305 8.
1364 2275 1429 2317 τῆς
1446 2269 1631 2317 ἐπιστολῆς
1651 2271 1726 2315 137,
1741 2278 1771 2305 9.

1063 2329 1269 2371 168‚29.51.
1297 2329 1437 2372 244,42.
1461 2329 1540 2372 456,
1553 2335 1606 2362 53.
1631 2328 1772 2372 502,1o.

1059 2388 1122 2430 τῆς
1139 2385 1319 2426 ἐντεύξεως
1347 2385 1422 2428 138,
1437 2392 1468 2419 5.
1506 2388 1570 2431 τῆς
1592 2384 1773 2425 ἐντεύξεως

1060 2442 1118 2476 καὶ
1149 2445 1210 2475 τοῦ
1240 2444 1481 2488 χρηματισμοῦ
1511 2442 1588 2485 736,
1608 2447 1662 2476 24.
1709 2444 1771 2475 τοῦ
1832 2454 1834 2459 ·

1061 2497 1307 2545 ὑπομνήματος
1321 2500 1414 2543 59,5.
1450 2498 1638 2545 ἀντίγραφα
1652 2498 1769 2542 56,70.

1062 2557 1138 2599 221,
1159 2564 1187 2590 3.
1215 2557 1292 2601 224,
1312 2565 1341 2591 8.
1362 2563 1416 2590 33.
1441 2555 1519 2599 229,
1539 2562 1592 2590 86.
1618 2555 1696 2598 262,
1717 2562 1770 2589 16.

1059 2614 1138 2656 453,
1159 2620 1211 2647 29.
1231 2621 1284 2648 43.
1310 2614 1388 2656 665,
1409 2619 1426 2646 4

1013 2668 1178 2704 ἀντίδικοι
1202 2671 1280 2714 201,
1300 2676 1341 2704 22

1013 2726 1219 2767 ἀντικαθίζω
1229 2737 1238 2746 ·
1255 2727 1314 2761 καὶ
1327 2724 1547 2764 ἀντικαθίσας
1561 2723 1717 2773 χώμασίν
1732 2735 1770 2758 τε
1825 2719 1827 2721 ’

1058 2785 1116 2818 καὶ
1139 2784 1282 2830 τάφροις
1312 2783 1370 2818 καὶ
1398 2782 1542 2830 τείχεσιν
1567 2781 1672 2827 αὐτὴν
1698 2781 1770 2827 (τὴν
1830 2831 1833 2835 .

1059 2841 1170 2884 πόλιν)
1193 2861 1241 2867 -
1263 2839 1462 2888 περιέλαβεν
1486 2840 1542 2883 90,
1561 2846 1601 2873 23

1012 2896 1406 2943 ἀντικαταλλασσόμενος
1431 2897 1509 2940 763,
1529 2903 1568 2930 13
