1858 3126
58 147 138 191 ⁴36]
502 146 862 180 senatusconsultum
887 146 932 179 de
957 147 1195 188 Pergamenis.
1611 149 1635 188 3

57 286 290 331 praenomine
312 286 411 329 quod
440 288 496 319 est
519 283 672 320 Mlius
694 294 782 319 usae
810 286 882 319 sint
906 286 952 327 (P.
977 286 1151 319 Servilius
1175 286 1301 319 Rullus
1325 286 1494 319 tribunus
1520 286 1636 329 plebis

55 354 88 379 a.
106 347 160 388 ⁶³,
185 344 221 377 P.
239 344 412 377 Servilius
436 344 546 377 Casca
572 345 612 376 ⁴⁴
640 353 670 376 a.
688 343 770 376 Chr.
788 346 844 384 n.),
871 351 928 376 res
954 344 1090 376 incerta
1113 346 1179 376 est.
1297 346 1340 376 46
1379 345 1475 378 ‘TO
1490 368 1498 377 .

142 514 234 559 436
273 518 317 557 In
346 517 548 570 Phrygiae
578 517 744 556 maioris
775 516 865 556 vico
895 516 1106 568 hodierno,
1140 518 1209 569 qui
1238 518 1465 570 appellatur
1485 515 1635 569 Are-ali,

56 587 235 641 repperit
263 587 326 626 W.
348 587 397 626 M.
421 586 601 638 Ramsay
642 589 682 625 et
718 585 844 625 edidit
872 586 1039 625 Journal
1071 586 1118 625 of
1143 587 1242 625 Hell.
1273 586 1377 626 stud.
1407 586 1494 626 VIII
1527 586 1634 625 4887

53 669 94 711 p.
119 656 200 696 496
237 654 294 710 (Ρ.
317 655 486 696 Viereck
526 655 668 695 Sermo
706 654 883 694 Graecus
919 667 958 707 p.
993 655 1038 694 54
1087 667 1124 694 n.
1155 655 1293 695 XXIX.
1354 655 1425 695 Th.
1457 655 1637 695 Reinach

54 723 318 767 Mithradates
337 724 518 778 Eupator
537 736 578 776 p.
599 722 679 763 457
701 735 740 763 n.
761 723 813 776 4).
852 723 908 763 Cf.
932 735 1036 776 quae
1056 724 1356 764 adnotaverunt
1376 724 1448 763 Th.
1468 725 1638 764 Momm-

27 821 30 822 ν
54 805 127 835 sen
146 792 274 834 Mitth.
298 793 370 833 des
390 792 500 834 arch.
523 793 618 832 Inst.
642 793 684 832 in
703 791 835 832 Athen
854 792 982 832 XXIV
1005 793 1113 832 4899
1142 806 1182 846 p.
1209 794 1288 833 ⁴95
1321 804 1412 832 cum
1434 797 1516 832 not.
1543 793 1566 832 3
1600 797 1639 832 et

53 862 96 903 in
123 862 267 903 litteris
296 862 349 902 ad
369 862 620 914 Ramsayum
650 861 838 902 Classical
867 862 1018 901 review
1037 862 1071 901 Π
1095 862 1205 901 4888
1235 875 1277 915 p.
1302 862 1397 902 326.
1449 861 1522 901 Th.
1547 862 1639 901 Rei-

55 930 162 972 nach
191 930 454 971 Mithradates
484 931 666 984 Eupator
695 943 735 983 p.
760 929 813 969 37
845 941 951 970 vers.
985 930 1118 970 Germ.
1171 931 1214 970 B.
1239 931 1357 970 Niese
1388 930 1531 971 Gesch.
1566 931 1639 970 der

55 1012 117 1054 gr.
137 1000 223 1041 und
252 999 411 1039 maked.
436 999 602 1054 Staaten
622 1000 675 1039 111
703 1012 744 1052 p.
769 998 850 1038 373
883 1002 964 1039 not.
991 1001 1027 1038 4.

172 1113 185 1168 [
185 1135 627 1144 ------------------
651 1112 790 1167 ο]ῧτως
815 1111 820 1167 Ι
841 1136 1292 1143 ------------------
1300 1128 1318 1153 ν
1352 1112 1638 1168 διωρῦώ1[ί)η1,

171 1205 440 1213 -----------
443 1181 628 1236 -------]
661 1181 816 1236 ἐγένετο
841 1181 1058 1237 πρόΙ[τερον
1089 1205 1565 1212 -—---—------—---——-
1582 1198 1638 1235 ος,

122 1262 142 1294 5
170 1254 297 1293 ταῦτα
326 1250 446 1307 κύρια
478 1250 642 1305 μέΙΙ[νειν
673 1274 1045 1281 ---------------
1077 1250 1222 1305 δόγ]μ.α
1254 1251 1486 1305 συνκλήτου.

287 1318 404 1376 [Περὶ
434 1320 488 1361 ὦν
520 1317 688 1366 Κόιντος
719 1317 878 1375 Φάβιος
906 1343 1125 1350 ---------
1156 1317 1241 1366 υίὸς
1272 1317 1468 1373 Μάξιμος,
1502 1316 1638 1373 [Ἶάιος

174 1388 370 1435 Λικίννιος
409 1387 585 1430 Ποπλίου
624 1387 629 1443 Ι
669 1386 768 1442 [υίὸς
809 1386 932 1435 Γέτας
978 1388 1146 1433 ὖπατοιῖ
1190 1388 1333 1443 λόγους
1369 1386 1638 1442 ἐποιήσανῙτο,

147 1527 301 1561 Litterae
325 1523 677 1564 ΑΑΘΘΜΜΠΟΦ.
784 1528 796 1557 4
829 1525 879 1558 Cf.
905 1528 1084 1567 ο.1ι35,9.
1133 1525 1334 1566 Passivum‚
1360 1524 1459 1568 quod
1484 1525 1556 1558 illic
1572 1527 1639 1568 est,

57 1585 118 1619 bic
147 1593 294 1628 quoque
322 1592 498 1627 reponere
530 1584 654 1625 malui,
687 1593 771 1616 cum
801 1583 970 1626 Ramsay,
1000 1583 1162 1625 Viereck‚
1201 1583 1356 1615 Reinach
1394 1581 1640 1627 διωρθώμτατο]

58 1642 336 1686 supplevissent.
383 1641 475 1674 Nam
500 1641 690 1674 manifesto
721 1641 781 1674 hic
804 1642 846 1673 ut
870 1641 906 1673 in
938 1640 999 1673 illo
1023 1640 1129 1673 titulo
1154 1640 1344 1683 complura
1368 1640 1480 1673 verba
1512 1641 1640 1673 similis

0 1691 2 1735 ὲ
58 1700 215 1734 notionis
239 1708 278 1732 se
307 1698 546 1741 excipiebant,
576 1707 620 1731 ex
651 1697 785 1740 quibus
815 1699 1045 1740 postremum
1070 1697 1138 1730 fuit
1169 1695 1301 1742 ἐγένετο
1334 1698 1545 1739 {praemisso
1580 1698 1641 1731 ad-

0 1738 2 1806 Ῐ
57 1757 191 1791 iectivo
230 1756 477 1800 praedicativo
516 1755 615 1798 quod
651 1755 860 1798 intercidit);
903 1757 940 1789 at
969 1756 1054 1788 huic
1096 1752 1328 1798 διωρθώσατο,
1365 1755 1463 1797 quod
1500 1756 1641 1789 activae

56 1813 326 1857 significationis
343 1815 409 1856 est,
426 1813 647 1856 respondere
663 1822 735 1846 non
751 1814 907 1855 poterat.
1018 1815 1037 1844 2
1070 1811 1267 1845 Consulum
1285 1813 1366 1844 anni
1383 1815 1448 1845 446
1467 1822 1496 1846 a.
1511 1813 1591 1846 Chr.
1606 1822 1639 1846 n.

0 1866 2 1882 ³
56 1872 203 1906 nomina
226 1872 391 1914 reposuit
414 1871 625 1913 Mommsen,
651 1879 768 1913 neque
793 1870 837 1903 ad
863 1870 955 1903 ullos
979 1870 1070 1903 alios
1088 1869 1212 1902 referri
1238 1869 1321 1902 licet
1338 1869 1521 1911 relliquias
1546 1879 1641 1912 quae

23 1928 25 1930 ’
58 1930 95 1964 in
117 1929 236 1972 lapide
259 1931 411 1962 exstant.
459 1929 544 1961 Post
567 1928 761 1961 Aristonici
785 1927 920 1960 bellum
947 1937 976 1960 a.
996 1930 1060 1959 429
1084 1936 1114 1960 a.
1133 1927 1214 1959 Chr.
1233 1936 1266 1960 n.
1292 1925 1335 1958 Μ’
1351 1926 1531 1968 Aquillius
1556 1936 1639 1960 con-

15 1982 31 2030 j-
58 1986 115 2020 sul
138 1986 331 2029 Phrygiam
356 1986 530 2019 maiorem
555 1985 751 2019 Mithridati
783 1985 858 2027 regi
883 1985 985 2018 Ponti
1019 1985 1248 2018 concesserat
1279 1984 1482 2026 praemium
1517 1985 1639 2017 auxilii

6 2044 33 2081 {³5
59 2043 158 2086 quod
179 2044 349 2077 Romanis
374 2052 440 2086 per
462 2042 552 2076 illud
574 2042 711 2076 bellum
735 2042 878 2075 tulerat.
919 2042 988 2074 Sed
1012 2051 1055 2074 eo
1082 2050 1165 2083 rege
1185 2041 1356 2074 defuncto
1375 2043 1523 2074 senatus
1538 2041 1641 2074 here-

6 2087 37 2145 {2
58 2100 166 2135 dibus
189 2100 443 2144 impuberibus
466 2097 660 2143 Phrygiam
684 2108 813 2133 rursus
838 2100 1034 2141 ademerat,
1059 2099 1145 2141 quia
1168 2099 1347 2141 Aquillius
1378 2099 1530 2141 pecunia
1561 2107 1641 2132 cor-

59 2160 192 2201 ruptus
220 2167 300 2192 eam
329 2158 380 2190 illi
413 2157 579 2191 dedisset.
628 2157 704 2191 Hoc
734 2159 770 2190 in
806 2157 936 2190 litteris
973 2156 1233 2199 superstitibus
1274 2165 1456 2198 nusquam
1493 2156 1640 2198 quidem

6 2203 43 2221 ἦ
60 2217 229 2249 accurate
252 2217 428 2258 narratur,
454 2215 518 2248 sed
542 2217 663 2248 tamen
686 2214 784 2248 haud
808 2214 977 2256 ambigue
1001 2215 1161 2256 tangitur
1184 2214 1221 2246 in
1246 2214 1410 2246 oratione
1427 2213 1642 2246 Mithridatis

3 2265 31 2312 {-
60 2272 253 2316 Eupatoris
276 2273 373 2315 apud
395 2273 575 2306 lustinum
598 2272 789 2314 XXXVIII,
809 2275 840 2314 5,
860 2274 895 2304 3;
928 2281 1020 2305 mm
1043 2269 1172 2304 bellum
1196 2269 1340 2314 quidem
1370 2268 1449 2304 iam
1482 2272 1568 2304 tunc
1590 2280 1643 2303 se-

61 2339 145 2364 cum
167 2329 213 2364 ab
235 2327 312 2363 illis
331 2327 414 2373 ,aeri
435 2331 605 2373 coeptum,
637 2339 722 2363 ewm
744 2326 820 2362 sibi
835 2326 977 2372 pupillo
1001 2326 1179 2362 maiorem
1202 2325 1406 2371 Phry-qiam
1431 2325 1642 2368 ademerint,

62 2396 172 2430 quam
191 2384 297 2430 patri
318 2396 383 2420 suo
407 2385 620 2430 praemium
644 2384 712 2420 lati
742 2385 912 2420 adversus
936 2383 1189 2419 Aristonicum
1220 2383 1358 2418 auxilii
1386 2386 1642 2426 concesserant,

59 2446 199 2488 gentem
220 2453 331 2487 quam
354 2445 386 2477 et
402 2453 539 2487 proavo
555 2453 621 2477 suo
638 2441 851 2477 Mithridati
866 2441 1032 2477 Seleucus
1052 2440 1253 2477 Callinicus
1276 2440 1321 2475 in
1345 2441 1458 2475 dotem
1482 2440 1642 2475 dedisset.

13 2501 23 2529 ἓ
63 2501 112 2534 Cf.
136 2501 287 2544 Appian.
311 2501 428 2534 Mithr.
455 2503 507 2534 u:
540 2497 686 2547 Φρυγίαν
717 2499 861 2547 ἔναγχος
895 2498 940 2533 ὑπ
973 2499 1084 2534 αὐτῶν
1111 2500 1171 2541 (sc.
1198 2494 1388 2543 Ῥωμαίων)
1422 2497 1643 2546 ἀφῃρημένος

65 2554 287 2603 (Μιθριδάτης
313 2557 330 2592 ὁ
354 2555 543 2603 Εὐπάτωρ).
583 2561 640 2591 ⁴2:
665 2552 740 2591 ἀνθ’
758 2558 803 2591 ὧν
829 2555 928 2591 αὐτὸν
955 2555 973 2591 ὁ
990 2554 1180 2594 Πελοπίδας
1206 2556 1432 2597 (Mithridatis
1449 2556 1643 2598 Eupatoris

65 2614 211 2657 legatus)
237 2613 303 2660 ἔφη
329 2612 482 2661 Φρυγίαν
507 2612 707 2660 ἀφῃρῆσθαι
730 2613 789 2647 καὶ
812 2611 1075 2657 Καππαδοκίαν,
1106 2613 1169 2659 τὴν
1196 2613 1256 2658 μὲν
1288 2612 1342 2646 ἀεὶ
1373 2617 1440 2646 τῶν
1472 2611 1643 2657 προγόνων

21 2683 31 2710 ζ·
65 2669 168 2705 αὐτοῦ
197 2670 382 2716 γενομένην
410 2670 470 2705 καὶ
500 2669 564 2706 ὑπὸ
596 2673 656 2705 τοῦ
687 2670 812 2716 πατρὸς
845 2669 1112 2717 ἀναληφθεῖσαν,
1144 2668 1292 2715 Φρυγίαν
1323 2668 1360 2703 δὲ
1393 2667 1556 2703 ἐπινίκιον
1590 2667 1645 2700 ἐπὶ

20 2731 36 2778 ³3
65 2723 272 2773 Ἀριστονίκη)
285 2727 376 2773 παρὰ
391 2730 451 2762 τοῦ
468 2726 631 2774 ὑμετέρου
650 2731 838 2774 στρατηγοῦ
856 2726 1015 2763 δοθεῖσάν
1028 2739 1065 2761 τε
1080 2726 1140 2761 καὶ
1156 2726 1222 2773 οὐχ
1233 2726 1338 2771 ἧσσον
1356 2725 1447 2770 παρὰ
1462 2728 1522 2758 τοῦ
1540 2723 1644 2757 αὐτοῦ

68 2786 253 2832 στρατηγοῦ
270 2783 409 2819 πολλῶν
432 2785 620 2831 χρημάτων
637 2784 848 2831 ἐωνημὲνην.
887 2789 947 2819 56:
972 2784 1059 2828 ἦσαν
1077 2781 1101 2817 δ’
1126 2783 1158 2817 οἱ
1175 2783 1271 2829 λόγοι
1287 2780 1501 2826 Μιθριδάτου
1522 2781 1582 2824 μὲν
1599 2797 1645 2804 -

22 2843 23 2846 ’
69 2838 126 2874 ἐπὶ
144 2843 219 2878 τοῖς
236 2836 415 2885 Ῥωμαίων
440 2841 599 2886 πρέσβεσι
621 2841 679 2875 καὶ
703 2840 910 2888 προβούλοις
937 2841 995 2876 καὶ
1020 2844 1221 2886 στρατηγοῖς
1243 2837 1431 2883 κατηγορία
1456 2837 1501 2869 ὧν
1529 2835 1563 2872 ἐς
1585 2833 1644 2869 αὐ-

70 2896 127 2931 τὸν
162 2896 397 2944 ἐπεπράχεσαν
432 2897 570 2942 ἀδίκως,
613 2895 871 2944 Ἀριοβαρζάνην
907 2910 943 2931 τε
985 2898 1188 2943 κατάγοντες
1231 2896 1264 2932 ἐς
1301 2891 1550 2928 Καππαδοκίαν
1587 2892 1645 2925 καὶ

1327 2961 1370 2993 4*
