1858 3126
205 115 288 156 228
396 115 485 147 VIII.
521 115 667 156 Imperii
691 114 844 148 Romani
867 115 1076 157 provinciae
1100 117 1302 150 orientales.
1344 120 1374 150 4.
1400 118 1509 160 Lycia
1533 122 1599 153 etc.
1658 121 1784 163 [550—

202 254 238 284 et
269 252 530 295 paraphylaces
556 251 676 295 (4859),
708 252 842 294 quibus
868 254 1011 295 praesto
1045 256 1130 286 sunt
1159 255 1462 299 paraphylacitae‚
1494 266 1560 299 pro
1591 259 1690 292 certo
1722 260 1784 292 de·

202 310 296 342 finiri
314 319 421 352 posse
438 311 543 352 negat
558 310 762 352 Anderson3
787 312 884 343 certe
900 312 1098 353 utrumque
1120 313 1371 354 magistratum
1390 315 1644 356 municipalem
1661 315 1782 360 fuisse,

157 367 159 369 ’
203 369 266 409 qui
291 376 418 410 pacem
443 369 479 400 et
501 368 799 410 tranquillitatem
825 369 1036 401 custodiret.
1080 368 1186 407 Quod
1210 370 1361 404 fortasse
1384 371 1609 405 irenarcham
1633 374 1781 415 quidem

201 435 391 458 summum
415 427 494 459 eius
519 426 572 458 rei
596 434 662 468 per
685 427 803 459 totum
830 426 1007 468 oppidum
1032 435 1233 469 agrumque
1258 428 1491 472 praefectum,
1520 430 1782 473 paraphylacas

201 492 288 516 vero
313 484 540 525 singulorum
565 492 742 525 pagorum
761 484 992 526 partiumque
1017 484 1186 517 custodes
1203 485 1299 517 illius
1316 486 1468 528 imperio
1485 486 1654 521 subditos
1671 489 1782 522 fuisse

200 541 344 583 conicit,
390 541 427 574 id
470 543 567 573 certe
608 550 680 574 non
723 541 759 572 in
795 541 916 574 omnia
952 542 1086 583 oppida
1124 551 1238 583 aeque
1273 543 1401 575 cadere
1436 545 1575 586 potest;
1618 554 1702 578 nam
1738 555 1782 578 ex

201 608 234 631 n.
255 601 331 642 476,
351 602 381 632 8.
400 602 418 631 9
446 599 633 642 discimus,
666 599 826 640 Dorylaii
851 599 998 640 quidem
1024 600 1215 641 collegium
1240 601 1524 644 paraphylacum
1549 610 1658 635 suum
1682 604 1782 646 prin-

199 657 317 698 cipem
343 655 678 702 (ἀρχιπαραφύλακα)
704 656 886 689 habuisse.
927 657 994 689 Sed
1021 657 1051 689 si
1075 658 1157 699 quis
1183 659 1246 690 aut
1262 658 1416 691 eundem
1441 660 1504 692 aut
1520 661 1619 693 certe
1643 660 1782 693 similli-

199 723 302 746 mum
333 715 586 756 magistratum
620 715 656 746 in
687 715 765 747 aliis
794 714 1003 747 civitatibus
1035 713 1357 760 ἀρχιπαραφύλακα,
1395 717 1432 749 in
1462 717 1540 750 aliis
1572 716 1780 765 εἰρηνάρχην

199 772 420 814 appellatum
445 772 637 813 existimet,
662 780 734 804 non
759 771 915 804 absurde
932 771 1091 804 iudicare
1110 772 1198 804 mihi
1215 773 1370 806 videtur.
1410 773 1514 812 Quod
1539 775 1570 806 si
1594 774 1780 817 probetur,

196 830 259 862 vix
282 829 360 862 fieri
384 830 518 871 poterit
542 829 630 871 quin
655 829 764 861 etiam
790 829 1081 871 paraphylacitas
1107 830 1145 861 et
1168 829 1359 871 diogmitas
1390 831 1538 863 eosdem
1562 832 1779 875 iudicemus

198 887 367 920 Ceterum
392 887 492 929 quod
517 887 576 919 hic
600 895 748 918 servum
774 886 949 928 principis
974 887 1182 919 irenarchae
1207 887 1324 920 officio
1348 887 1448 930 fungi
1472 889 1650 932 videmus,
1682 892 1779 922 reete

196 945 384 977 Anderson
409 944 589 986 singulare
614 944 807 986 existimat,
833 944 897 976 sed
921 953 992 976 non
1017 944 1136 976 minus
1162 946 1258 977 recte
1282 953 1326 977 eo
1351 945 1483 978 referre
1500 946 1654 989 videtur,
1680 948 1779 989 quod

197 1011 271 1035 non
296 1003 464 1044 civitatis,
498 1002 561 1034 sed
586 1002 723 1044 praedii
747 1002 977 1043 imperatoris
1001 1001 1060 1033 hic
1085 1002 1317 1043 magistratus
1342 1002 1459 1036 fuerit.
1506 1003 1558 1036 De
1581 1005 1779 1038 irenarchis

196 1059 239 1092 cf.
265 1060 322 1093 W.
339 1059 531 1092 Liebenam
556 1059 906 1101 Stadteverwaltung
931 1060 982 1091 im
1007 1059 1215 1092 romischen
1238 1060 1483 1093 Kaiserreiche
1507 1069 1542 1103 p.
1562 1063 1638 1094 358.

680 1248 726 1283 4.
763 1245 908 1290 Lycia
939 1247 987 1283 et
1015 1246 1299 1291 Pamphylia.

284 1344 371 1388 551
411 1348 564 1387 Romae
583 1340 643 1385 ‘in
659 1358 754 1386 area
769 1347 907 1399 palatii
924 1340 1151 1400 Capitolini²
1167 1345 1334 1400 (Boiss.).
1373 1348 1435 1386 Ex
1450 1348 1628 1401 Manutii,
1654 1347 1776 1389 Citta-

196 1418 289 1469 dini,
312 1417 472 1456 Achillis
493 1416 622 1468 Statii,
644 1416 861 1468 Boissardi,
884 1415 1025 1468 Pighii7
1053 1416 1254 1455 Sismondi
1275 1417 1469 1469 exemplis
1490 1419 1776 1471 manuscriptis

192 1490 285 1538 post
312 1485 529 1525 Gruterum
551 1485 668 1524 Thes.
696 1485 818 1536 4009,
842 1485 865 1523 5
898 1485 1109 1524 ediderunt
1134 1485 1166 1523 J.
1191 1485 1321 1523 Franz
1343 1485 1383 1524 C.
1406 1486 1434 1524 I.
1459 1485 1503 1525 G.
1527 1487 1651 1526 5880.
1700 1487 1774 1527 Th.

194 1556 418 1594 Mommsen
440 1554 480 1595 C.
493 1555 521 1594 Ι.
534 1555 577 1593 L.
600 1555 630 1604 I,
654 1554 749 1593 589.
801 1554 865 1593 W.
881 1554 1045 1593 Henzen
1066 1552 1380 1606 C.1.L.VI‚372.
1435 1554 1479 1594 G.
1490 1555 1627 1594 Kaibel
1648 1555 1772 1596 Inscr.

195 1624 260 1664 Gr.
273 1624 348 1664 Sic.
369 1628 408 1663 et
423 1625 468 1664 It.
482 1624 578 1663 986.
611 1621 670 1677 (R
681 1622 834 1675 Cagnat
848 1623 971 1662 Inscr.
991 1622 1056 1661 Gr.
1076 1623 1128 1661 ad
1149 1634 1214 1661 res
1230 1623 1343 1661 Rom.
1362 1625 1465 1674 pert.
1485 1623 1614 1675 1p.3⁴
1640 1622 1772 1678 n.6l).

307 1737 492 1793 [Λ]υκι’ων
529 1735 572 1778 τὸ
613 1737 761 1791 κοινόν,
803 1734 1070 1792 κομισάμενον
1109 1735 1179 1792 τὴν
1215 1733 1383 1792 πάτριον
1420 1734 1731 1793 δημ[ο]Ικρατίαν
1746 1739 1774 1792 ¹,

282 1854 436 1887 Litterae
450 1854 614 1895 volgares
632 1854 776 1895 praeter
795 1853 868 1885 ΠΣ.
910 1853 1027 1894 Supra
1044 1852 1141 1884 hunc
1157 1851 1302 1884 titulum
1320 1851 1445 1884 eadem
1463 1860 1630 1884 sermone
1643 1852 1769 1885 Latino

190 1913 336 1944 exarata
349 1912 496 1944 nuncin
509 1911 676 1943 modum:
695 1908 760 1952 [Ab
772 1908 936 1952 co]mzmi
945 1907 1122 1943 restitutei
1135 1907 1180 1942 in
1190 1907 1377 1943 maiorum
1388 1907 1614 1950 leibert[atem
1628 1912 1633 1953 Ι
1647 1907 1771 1952 [πιθα]
1806 1898 1812 1904 ’

190 1967 368 2010 Romame)
386 1966 483 2001 Iovei
502 1965 706 2011 Capitolino
722 1969 753 2001 et
766 1966 874 2011 poplo
891 1965 1056 2000 Romano
1077 1964 1244 2008 diritatis]
1263 1963 1268 2008 Ι
1287 1963 1542 2000 benevolentiae
1555 1963 1773 2010 benefieique

188 2034 302 2059 causa
318 2035 404 2068 erya
419 2023 553 2058 Lucios
569 2024 613 2058 ab
630 2023 812 2066 comu[m].
908 2028 920 2057 4
959 2025 1010 2056 De
1035 2024 1149 2056 titulis
1174 2023 1336 2056 eiusdem
1359 2024 1585 2055 monumenti
1608 2023 1768 2067 reliquis,

188 2083 252 2124 qui
270 2084 423 2115 aetatem
440 2082 612 2124 tulerunt,
638 2082 680 2114 cf.
698 2092 731 2114 n.
752 2082 849 2115 3756.
891 2082 943 2114 Ex
961 2090 1117 2123 quorum
1140 2082 1354 2122 argumento
1371 2081 1619 2113 Mommsenus
1636 2082 1768 2114 acutis-

188 2141 279 2173 sime
304 2140 456 2181 collegit,
482 2139 570 2172 illud
595 2141 822 2171 exstructum
847 2148 925 2172 esse
950 2149 969 2171 a
994 2139 1119 2180 legatis
1141 2138 1331 2170 civitatum
1349 2146 1548 2180 regumque
1563 2138 1680 2182 Asiae,
1704 2141 1768 2181 qui

187 2199 271 2240 post
287 2197 530 2231 Mithridatem
551 2206 571 2229 a
589 2197 685 2229 Sulla
701 2197 884 2229 devictum
905 2197 1054 2229 Romam
1072 2196 1117 2229 ad
1134 2198 1299 2228 senatum
1318 2195 1511 2228 venissent.
1548 2195 1597 2228 Cf.
1614 2196 1766 2239 Appian.

187 2255 408 2297 Civ.1,402:
435 2252 518 2298 ἔθνη
543 2264 580 2285 τε
605 2253 667 2298 γὰρ
692 2252 801 2286 πάντα
824 2253 883 2286 καὶ
908 2251 1059 2296 βασιλεῖς
1085 2251 1157 2285 ὅσοι
1181 2251 1358 2299 σύμμαχοι
1380 2251 1438 2286 καὶ
1462 2251 1578 2290 πόλεις
1603 2251 1668 2299 οὐχ
1691 2251 1766 2287 ὅσαι

188 2311 291 2356 μόνον
309 2310 496 2353 ὑποτελεῖς,
523 2308 612 2343 ἀλλὰ
632 2309 692 2344 καὶ
709 2309 784 2343 ὅσαι
801 2308 921 2347 ἑαυτὰς
946 2308 1233 2355 ἐνεκεχειρίκεσαν
1255 2309 1310 2343 ἐπὶ
1332 2308 1517 2355 συνθήκαις
1541 2308 1685 2358 ἔνορκοι,
1709 2311 1767 2344 καὶ

187 2368 263 2403 ὅσαι
288 2368 344 2402 διὰ
369 2366 564 2413 συμμαχίαν
589 2366 612 2412 ἥ
636 2378 711 2400 τινα
734 2366 858 2413 ἀρετὴν
883 2366 992 2413 ἄλλην
1017 2365 1201 2411 αὐτόνομοί
1229 2378 1266 2400 τε
1289 2366 1347 2400 καὶ
1371 2367 1485 2412 φόρων
1513 2366 1599 2412 ἦσαν
1622 2366 1765 2411 ἀτελεῖς,

184 2426 260 2461 τότε
285 2429 390 2460 πᾶσαι
415 2424 583 2458 συντελεῖν
610 2423 808 2458 ἐκελεύοντο
832 2423 890 2458 καὶ
913 2424 1105 2466 ὑπακούειν,
1132 2425 1248 2471 χώρας
1271 2436 1306 2457 τε
1324 2424 1410 2458 ἔνιαι
1431 2424 1490 2458 καὶ
1505 2423 1654 2469 λιμένων
1677 2425 1765 2459 κατὰ

186 2482 360 2529 συνθήκας
386 2481 477 2529 σφίσι
494 2480 681 2526 δεδομένων
699 2481 904 2529 ἀφῃροῦντο.
938 2483 1006 2516 Sed
1022 2483 1204 2516 nonnullis
1221 2482 1441 2524 civitatibus,
1467 2483 1575 2523 atque
1594 2482 1687 2515 inter
1702 2492 1764 2517 eas

185 2543 317 2586 Lyciis,
349 2541 550 2574 libertatem
583 2542 662 2572 tum
687 2540 864 2573 redditam
890 2549 969 2574 esse
994 2551 1014 2573 a
1038 2541 1206 2573 Romanis
1239 2540 1347 2573 refert
1371 2540 1466 2572 idem
1490 2539 1682 2573 Mithridat.
1702 2543 1762 2574 6⁴:

186 2598 291 2645 αὐτὴν
325 2597 362 2632 δὲ
389 2598 452 2643 τὴν
476 2594 583 2631 Ἀσίαν
607 2594 853 2642 καθιστάμενος
874 2594 996 2636 Ἰλιέας
1021 2598 1082 2643 μὲν
1106 2597 1165 2631 καὶ
1187 2595 1291 2634 Χίους
1315 2596 1373 2630 καὶ
1397 2594 1546 2634 Λυκίους
1569 2595 1627 2630 καὶ
1653 2592 1762 2632 Ῥοδί-

185 2669 245 2695 ους
279 2655 339 2691 ml
374 2652 574 2701 Μαγνησίαν
614 2653 672 2687 καί
709 2666 799 2692 τινας
831 2654 958 2693 ἄλλους
994 2657 1098 2698 (inter
1133 2654 1499 2700 quos,Laodi0enses
1540 2654 1586 2687 ad
1621 2654 1760 2697 Lycum

185 2718 221 2749 et
243 2715 408 2748 Tabenos
437 2713 548 2746 fuisse
580 2713 639 2745 alii
670 2713 778 2746 huius
810 2714 1035 2746 monumenti
1067 2713 1162 2746 tituli
1186 2711 1327 2752 docent)
1356 2708 1379 2755 ἢ
1406 2709 1600 2756 συμμαχίας
1625 2711 1761 2757 ἀμειβό-

185 2785 287 2818 μενος
315 2772 363 2812 (id
386 2771 488 2813 quod
510 2771 547 2803 in
566 2771 695 2812 Lycios
716 2770 822 2811 cadit)
847 2769 870 2814 ἢ
897 2771 942 2804 ὧν
968 2769 1023 2803 διὰ
1046 2768 1238 2814 προθυμίαν
1264 2766 1494 2802 ἐπεπόνθεσαν
1520 2767 1559 2802 οὖ
1585 2767 1685 2803 ἕνεκα
1709 2771 1760 2811 (ut

183 2831 341 2873 Ilienses,
372 2829 415 2862 cf.
439 2828 531 2871 App.
555 2828 675 2861 Mithr.
704 2828 758 2869 53)
790 2826 992 2872 ἐλευθέρους
1021 2825 1119 2872 ἠφίει
1142 2825 1200 2859 καὶ
1226 2820 1406 2871 Ῥωμαίων
1435 2824 1602 2872 ἀνέγραψε
1627 2825 1758 2872 φίλους.

184 2888 246 2921 Th.
264 2888 420 2921 Reinach
444 2886 666 2919 Mithridates
691 2886 851 2928 Eupator
875 2894 908 2928 p.
929 2887 993 2917 204
1019 2893 1112 2918 vers.
1140 2884 1257 2917 Germ.
