1858 3126
0 2348 41 2600 QQWWWW
0 2313 10 2329 '⁷'
0 2268 5 2274 ’
0 2193 14 2258 ”we-

85 123 167 166 6⁶9]
499 122 550 154 Ti.
568 121 649 154 Iulii
674 121 865 155 Alexandri
891 121 1061 164 praefecti
1085 121 1257 155 edictum.
1582 122 1666 163 399

198 258 280 306 κὼς
307 255 360 300 τά
391 259 620 314 μηδέπω<ι>
657 258 1001 314 εἰσϊτραχθέντα61
1035 257 1104 300 καὶ
1139 257 1236 314 πρὸς
1271 256 1314 300 τὸ
1353 258 1497 313 μέλλον
1535 258 1665 313 μένειν

199 323 303 369 αὐτὰ
334 325 399 369 ἐπὶ
428 328 511 374 τοῖς
541 327 785 382 καθήκουσι’
830 325 970 368 ἄδικον
1006 324 1083 382 γάρ
1114 327 1219 368 ἐστιν
1259 324 1351 373 τοὺς
1381 326 1667 381 ὠνησαμένους

198 395 395 451 attilly-ata
430 394 500 437 καὶ
535 393 654 450 τιμὰς
691 395 820 438 αὐτῶν
860 395 1082 441 ἀποδόντας
1126 395 1182 441 ὡς
1217 394 1431 449 δημοσίους
1465 394 1667 451 γεωργοὺς

96 466 165 518 §6
196 464 416 520 exepdpta„
453 464 714 506 ἀπαιτεῖσθαι
749 466 825 505 τῶν
866 462 976 505 ἰδίων
1013 464 1177 519 ἐδαφῶν
1189 465 1236 504 ⁶⁸.
1270 487 1326 492 —
1357 463 1580 505 ἀκόλουθον
1623 464 1666 505 δέ

198 533 304 575 ἐστιν
334 534 422 580 ταῖς
451 535 529 574 τῶν
550 531 766 589 Σεβαστῶν
799 531 805 588 Ι
837 530 980 589 χάρισι
1011 531 1080 573 καὶ
1109 530 1153 574 τὸ
1184 530 1274 579 τοὺς
1302 532 1472 587 ἐνγενεῖς
1489 529 1668 577 Ἀλεξαν-

200 601 307 657 δρεῖς
342 599 412 643 καὶ
450 603 492 644 ἐν
538 605 606 656 τῆι
646 600 838 658 [χοῆρᾳ.Μ
877 598 946 642 διὰ
984 599 1239 657 φιλεργίαν65
1283 603 1565 647 κατοικοῦντας
1611 601 1668 647 εἰς

201 668 398 725 μηδεμίαν
428 669 688 725 [λειτουργίαν
721 668 908 725 ἄγεσθαι,
947 669 968 710 ὃ
1000 668 1171 724 &pei-3⁶⁶]
1204 668 1208 722 l
1242 666 1433 715 πολλάκις
1470 668 1540 723 μὲν
1578 671 1668 711 ἐπε-

85 784 318 827 potissimum
334 783 379 817 de
395 793 438 817 eo
455 784 554 826 quod
571 785 714 818 nomine
731 781 902 829 ἀπόμοιρα
920 783 1112 825 significari
1131 784 1225 816 solet
1250 783 1304 825 (cf.
1329 792 1363 815 n.
1378 786 1421 815 55
1431 783 1468 815 ¹⁰.
1506 783 1668 816 Wilcken

86 841 144 874 Gr.
162 841 343 875 Ostrakal
367 850 401 884 p.
423 843 486 874 ⁴5⁷
511 842 532 882 ξ
549 842 603 882 47)
630 841 741 874 verba
766 841 862 873 tituli
887 841 1156 883 interpretanda
1175 841 1356 874 videntur.
1388 839 1480 873 Nam
1507 840 1542 872 id
1560 841 1671 872 vecti-

85 897 219 940 galium
243 906 357 940 genus
380 898 489 931 etiam
514 899 739 940 principatus
764 900 930 940 tempore
963 898 1140 931 mansisse
1165 897 1221 930 W.
1254 897 1426 939 probavit
1457 898 1669 930 testimonio

87 963 311 997 papyrorum
334 954 569 988 Londinensis
592 955 707 988 Greek
733 955 863 997 papyri
887 955 922 988 in
946 955 1007 988 the
1024 955 1109 987 Brit.
1130 955 1218 987 Mus.
1240 955 1268 987 11
1293 957 1403 997 palas
1421 964 1455 987 n.
1469 954 1630 996 CXCVa,
1649 957 1668 987 9

87 1010 147 1052 (εἰς
177 1010 391 1057 ἀπόμοιφαν)
416 1010 641 1055 ἀμπελῶνος)
672 1014 708 1045 et
732 1012 971 1045 Berolinensis
1002 1012 1047 1052 (n.
1074 1014 1173 1053 ⁴422,
1199 1012 1252 1052 ⁴5)
1286 1011 1435 1044 alterius
1468 1021 1501 1054 p.
1529 1012 1609 1045 Chr.
1638 1023 1669 1044 n.

88 1069 221 1102 saeculi
238 1068 362 1102 inediti
387 1068 455 1110 (καὶ
474 1069 520 1102 ὧν
545 1067 758 1114 ἀπόμοιρ(αν)
786 1069 834 1114 μὴ
860 1067 1027 1114 ἄγεαθαι).
1147 1071 1183 1100 61
1215 1069 1265 1101 Cf.
1291 1071 1364 1102 not.
1383 1072 1437 1101 56.
1549 1072 1590 1101 62
1620 1069 1669 1101 Cf.

88 1128 161 1158 not.
180 1129 234 1160 5⁹.
351 1128 393 1158 63
424 1126 514 1164 Quia
540 1126 650 1159 homo
677 1126 852 1168 privatus,
878 1126 941 1167 qui
966 1134 1092 1165 agrum
1116 1126 1365 1167 quaestorium
1392 1123 1571 1170 (προσόδου
1596 1128 1670 1170 γῆν)

90 1183 134 1216 de
158 1183 244 1216 fisco
270 1184 428 1225 emisset,
454 1183 491 1215 in
515 1191 557 1215 eo
583 1183 639 1215 ius
664 1184 881 1224 perpetuum
907 1184 943 1214 et
968 1182 1225 1214 hereditarium
1253 1182 1411 1224 haberet,
1436 1182 1533 1214 nudo
1555 1182 1671 1214 domi-

90 1241 150 1273 nio
181 1249 267 1273 sane
298 1240 451 1282 principi
482 1224 619 1281 relicto,
653 1239 748 1271 haud
779 1239 899 1280 inepte
929 1247 1013 1271 eum
1051 1238 1094 1271 de
1124 1247 1189 1271 suo
1225 1247 1312 1279 agro
1346 1238 1466 1271 dicere
1498 1239 1672 1272 iudicavit

91 1297 267 1338 Wilcken,
299 1299 340 1329 ut
376 1297 485 1328 etiam
523 1297 602 1328 iure
632 1296 793 1328 Romano
827 1305 911 1337 ager
931 1297 1179 1339 *quaestorius
1209 1295 1341 1328 soleret
1370 1293 1540 1339 privatus
1568 1294 1671 1329 vecti-

87 1351 252 1397 qalv'sque
283 1353 363 1386 dici.
412 1352 511 1391 Quae
543 1354 584 1385 ut
613 1354 718 1385 acute
750 1352 943 1385 observata
974 1354 1070 1394 sunt,
1105 1353 1153 1384 ita
1183 1353 1271 1384 mihi
1303 1352 1451 1394 quidem
1476 1361 1549 1385 non
1574 1355 1671 1386 certa

93 1409 273 1451 videntur,
302 1410 477 1452 quoniam
502 1410 648 1442 omnino
674 1409 828 1443 dubium
853 1411 918 1451 est,
952 1418 1039 1442 num
1065 1409 1123 1442 hic
1156 1409 1200 1442 de
1224 1409 1284 1442 illa
1314 1407 1482 1454 προσόδου
1507 1409 1550 1455 γῇ
1576 1409 1672 1443 dica-

93 1469 154 1500 tur
178 1466 232 1508 (cf.
259 1469 332 1499 not.
350 1467 415 1507 58).
533 1468 574 1498 6⁴
600 1465 829 1499 Vocabulum
855 1466 952 1498 lectu
976 1465 1228 1499 difficillimum
1245 1468 1396 1508 propter
1412 1466 1673 1499 commissuras

93 1523 254 1566 lapidum
286 1531 379 1565 quae
409 1523 446 1555 id
479 1532 499 1556 a
531 1524 677 1556 sinistra
707 1525 743 1555 et
775 1523 821 1556 ab
846 1522 1013 1555 inferiore
1046 1524 1149 1565 parte
1173 1525 1336 1565 tangunt.
1384 1523 1475 1556 Cum
1499 1523 1672 1556 Cailllaud

94 1574 200 1622 .Ολ,
238 1579 339 1622 Hyde
371 1581 470 1612 0¹⁴0
500 1579 678 1621 dispicere
714 1579 784 1612 sibi
816 1580 885 1612 visi
922 1581 1054 1622 essent,
1090 1580 1212 1613 ΧΦΡΑ
1250 1580 1413 1622 legerunt
1447 1580 1602 1613 Hoskins
1638 1583 1673 1612 et

92 1637 243 1679 Bissing,
278 1635 468 1669 manifesto
498 1638 605 1678 recte,
641 1637 815 1678 quoniam
851 1637 888 1669 in
923 1636 1189 1679 photographia
1225 1636 1393 1669 distincte
1428 1638 1674 1678 agnoscuntur

93 1695 108 1716 ⁸
133 1695 219 1726 ,⁰A,
267 1692 384 1732 Quare
413 1693 598 1726 abicienda
629 1695 683 1726 est
713 1693 820 1726 lectio
855 1691 890 1725 ἐν
914 1693 957 1740 τῇ
982 1690 1091 1734 πόλει,
1121 1702 1232 1735 quam
1265 1695 1482 1735 receperunt
1512 1692 1673 1733 Rudorss',

93 1750 204 1783 Franz
234 1751 342 1792 atque
371 1750 474 1783 initio
509 1750 722 1788 Letronnius
751 1759 909 1792 quoque,
940 1750 1003 1792 qui
1034 1752 1155 1782 tamen
1186 1751 1312 1791 postea
1342 1750 1463 1795 [χώ]ρᾳ
1491 1750 1673 1792 praetulit.

94 1805 197 1840 Urbis
220 1807 443 1839 mentionem
473 1807 543 1839 hoc
566 1807 648 1839 loco
672 1807 924 1848 gravissimam
949 1806 1084 1839 habere
1114 1806 1361 1839 difficultatem
1393 1815 1465 1838 non
1490 1808 1546 1838 est
1575 1805 1674 1848 quod

17 1886 23 1906 5
93 1862 210 1897 fusius
239 1866 450 1906 exponatur.
507 1863 598 1897 Nam
632 1865 663 1897 si
702 1866 846 1906 praeter
880 1863 1140 1896 Alexandrinos
1177 1863 1362 1904 indigenas
1402 1864 1511 1896 etiam
1548 1871 1674 1895 omnes

21 1928 30 1960 ᾗ
94 1921 260 1954 homines
284 1921 446 1954 cuiusvis
471 1921 629 1963 originis,
655 1921 719 1963 qui
742 1921 815 1953 illic
832 1920 1023 1962 aliquando
1048 1919 1263 1960 habitarent,
1288 1920 1358 1952 hoc
1382 1920 1570 1961 privilegio
1587 1928 1674 1953 usos

96 1979 339 2011 statueremus
362 1987 447 2010 cum
471 1978 631 2021 Franzio,
656 1978 693 2010 id
717 1987 788 2011 non
813 1977 923 2010 modo
948 1986 1013 2019 per
1038 1986 1076 2010 se
1101 1976 1311 2010 incredibile
1335 1978 1442 2017 esset,
1475 1977 1539 2010 sed
1563 1978 1674 2009 etiam

95 2044 180 2082 cum
204 2036 383 2068 sermonis
407 2044 478 2068 usu
503 2037 695 2077 pugnaret;
730 2044 814 2068 nam
840 2036 893 2067 sic
917 2035 1045 2076 utique
1068 2033 1126 2067 καὶ
1149 2032 1250 2070 τοὺς
1275 2033 1310 2066 ἐν
1333 2033 1376 2079 τῇ
1401 2031 1502 2066 πόλει
1526 2051 1572 2058 —-
1594 2045 1677 2066 κατ-

96 2093 271 2128 οικοῦντας
301 2091 495 2125 dicendum
528 2092 605 2125 fuit.
654 2092 752 2124 Adde
776 2092 875 2134 quod
902 2101 934 2123 v.
954 2093 995 2123 31·
1027 2091 1241 2133 simpliciter
1270 2094 1336 2123 τῶν
1363 2090 1504 2136 ἐνγενῶν
1528 2087 1676 2128 Ἀλεξαν-

98 2146 205 2191 δρέων
227 2148 361 2181 dicitur
379 2149 475 2182 nulla
498 2149 644 2182 illorum
662 2149 924 2191 inquilinorum
942 2149 1123 2181 mentione
1147 2148 1251 2181 facta.
1291 2148 1406 2180 Unum
1431 2148 1541 2189 igitur
1563 2157 1676 2189 genus

98 2205 288 2237 hominum
318 2205 506 2247 indicatur,
536 2207 599 2248 qui
630 2206 766 2247 origine
796 2206 943 2248 quidem
976 2207 1013 2238 et
1042 2206 1201 2238 civitatis
1231 2205 1310 2237 iure
1334 2205 1563 2237 Alexandrini
1594 2206 1676 2245 sint,

100 2262 164 2295 sed
187 2263 289 2294 extra
313 2263 467 2303 patriam
490 2263 619 2295 urbem
644 2262 778 2296 alicubi
803 2265 920 2295 terrae
936 2262 1090 2304 Aegypti
1115 2262 1339 2295 domicilium
1365 2262 1531 2295 habeant.
1574 2262 1614 2294 Ei
1639 2270 1678 2294 se

98 2319 228 2352 iniuria
253 2318 299 2351 ad
322 2318 484 2360 liturgias
508 2319 757 2361 suscipiendas
781 2320 976 2353 arcessitos
1000 2328 1080 2352 esse
1097 2319 1353 2361 querebantur.
1472 2322 1514 2351 65
1544 2319 1678 2360 Magni-

99 2375 188 2408 ficae
218 2374 390 2418 opificum
421 2377 458 2406 et
486 2378 731 2408 mercatorum
764 2377 973 2418 industriae,
1005 2386 1078 2418 qua
1101 2377 1227 2418 ingens
1257 2376 1532 2418 peregrinorum
1557 2375 1678 2407 multi-

100 2432 189 2465 tudo
213 2431 466 2464 Alexandriam
489 2434 690 2464 convocata
713 2434 818 2474 esset,
851 2434 1072 2466 mentionem
1098 2433 1158 2465 hic
1181 2433 1282 2465 inicit
1305 2433 1486 2473 Franzius,
1521 2431 1584 2464 sed
1609 2432 1679 2464 hoc

100 2489 228 2522 nititur
252 2497 365 2531 prava
387 2488 542 2521 lectione
565 2486 664 2520 πόλει
689 2488 775 2529 (not.
794 2490 859 2530 6⁴).
909 2489 999 2522 Cum
1024 2488 1179 2535 φιλεργία
1198 2491 1234 2522 in
1259 2497 1369 2522 causa
1390 2488 1501 2522 fuisse
1526 2489 1678 2529 dicatur,

103 2553 168 2578 cur
197 2545 248 2577 illi
272 2544 487 2577 Alexandria.
510 2552 573 2577 rus
605 2543 858 2587 demigrarent,
889 2545 934 2578 de
963 2546 1204 2587 agriculturae
1234 2545 1356 2578 studio
1381 2554 1513 2578 nomen
1543 2545 1680 2576 intelle-

104 2601 259 2642 gendum
277 2602 431 2634 videtur.
549 2603 591 2632 66
621 2600 786 2633 Wilcken
803 2601 840 2633 in
856 2602 952 2634 notis
969 2603 1226 2643 manuscriptis
1244 2610 1335 2644 quas
1353 2610 1420 2634 suo
1438 2602 1680 2642 Bissingianae

105 2659 416 2691 commentationis
447 2658 612 2700 exemplo
647 2658 816 2699 ascripsit
846 2657 899 2697 (cf.
925 2658 1067 2698 lemma)
1099 2658 1245 2700 supplet
1275 2655 1495 2702 [λειτουργίαν
1526 2656 1679 2702 χωρικὴν

106 2711 269 2758 ἄγεσθαι].
316 2715 383 2754 Qui
409 2717 450 2747 ut
473 2716 510 2748 in
533 2715 746 2747 universum
772 2715 849 2746 sine
873 2713 984 2746 dubio
1010 2723 1138 2746 verum
1163 2714 1265 2755 vidit,
1297 2715 1350 2746 sic
1373 2716 1409 2746 et
1434 2714 1581 2745 lacunae
1606 2721 1680 2745 am-

106 2770 224 2803 bitum
253 2772 453 2813 paullulum
484 2773 650 2814 excessit,
687 2780 771 2804 cum
806 2773 848 2803 25
874 2779 940 2812 pro
973 2773 1014 2802 23
1042 2770 1170 2802 litteris
1203 2770 1398 2812 suppleret,
1434 2771 1470 2801 et
1502 2778 1680 2802 conexum

105 2827 375 2861 enuntiatorum
400 2829 564 2870 neglexit,
595 2837 708 2870 quare
734 2828 822 2860 mihi
848 2827 1064 2860 videbantur
1087 2827 1302 2869 pronomina
1335 2825 1353 2859 ὃ
1379 2823 1475 2869 ὑμεῖς
1508 2825 1680 2867 addenda,

110 2883 328 2917 adiectivum
356 2885 509 2931 χωρικήν
542 2886 858 2926 veronecessario
884 2884 1124 2917 omittendum
1150 2892 1238 2916 esse.
