1858 3126
229 148 313 187 544
776 145 947 179 Addenda
971 148 1008 179 et
1033 146 1261 188 Corrigenda.

319 282 578 315 brevissimum
597 283 743 324 tempus
761 291 845 315 cum
863 283 978 316 matre
995 283 1184 325 Cleopatra
1201 284 1231 315 II
1247 292 1417 325 regnasse
1433 284 1521 317 dum
1547 286 1573 318 a'
1584 286 1716 327 patruo
1733 286 1814 320 Pto-

321 340 460 372 lemaeo
475 339 552 371 VIII
569 339 746 381 Euergeta
761 341 791 372 Il
808 340 1086 373 interimeretur.
1120 340 1236 378 Quam
1254 342 1468 375 sententiam
1485 342 1578 375 bene
1594 342 1752 376 defendit
1769 343 1814 376 ab

321 397 470 430 editoris
491 397 665 429 Tebtunis
686 405 913 439 papyrorum
927 398 942 429 1
959 400 1067 439 p.554
1091 397 1390 441 dubitationibus,
1409 399 1473 441 qui
1493 399 1677 442 Eupatora
1698 400 1816 433 Philo-

322 456 462 487 metore
475 455 666 487 etiamtum
680 455 876 496 superstite
893 455 1091 487 decessisse
1104 456 1140 487 et
1157 456 1401 488 narrationem
1417 455 1462 489 de
1478 456 1588 489 caede
1605 457 1815 490 adulescen-

321 512 367 544 tis
385 521 405 544 a
422 513 553 553 patruo
576 513 717 554 patrata
735 512 869 552 (lustin.
886 512 1077 554 XXXVIII,
1092 515 1123 554 8,
1141 513 1172 554 4)
1197 514 1313 546 totam
1336 513 1505 546 ficticiam
1523 522 1603 547 esse
1619 514 1816 556 probatum

320 569 447 601 iverat.
497 569 611 607 Quam
637 569 851 601 memoriam
879 577 994 610 neque
1019 569 1136 610 ipsam
1163 570 1360 612 quicquam
1385 570 1520 603 habere
1544 571 1646 613 quod
1669 570 1739 604 fide
1763 572 1816 604 in-

323 626 469 667 dignum
490 626 537 658 sit
550 627 586 658 et
602 626 751 668 insuper
768 626 912 668 Iosephi
930 627 1055 658 contra
1068 626 1245 668 Apionem
1263 627 1303 668 11,
1323 629 1359 659 54
1383 629 1421 660 et
1440 627 1558 660 Orosii
1571 627 1612 671 V,
1631 630 1685 670 40,
1704 630 1735 670 6,
1752 629 1816 670 qui

322 691 407 715 sane
432 685 642 724 temporum
661 683 818 715 rationes
834 683 1075 726 perturbaret,
1103 684 1191 716 locis
1219 683 1427 717 confirmari
1452 684 1623 718 observat
1638 685 1816 727 Laqueur.

230 741 265 772 P.
285 743 349 772 207
376 749 409 773 n.
429 742 506 772 429.
555 740 657 772 Hunc
673 740 820 772 titulum
837 740 1001 772 Wilcken
1026 741 1159 773 Archiv
1175 740 1235 773 fiir
1251 741 1613 784 Papyrusforschung
1629 742 1676 774 111
1701 751 1736 784 p.
1751 744 1816 774 324

322 797 395 830 iam
426 806 519 829 anno
551 799 640 829 4896
673 797 772 838 (Berl.
805 797 892 839 phil.
917 797 1208 830 Wochenschrist
1237 806 1272 839 p.
1292 798 1392 839 4493)
1423 807 1444 830 a
1476 807 1515 831 se
1546 799 1740 832 Ptolemaei
1769 799 1818 831 111

323 854 521 895 Euergetae
546 854 734 895 (246-224
759 863 789 886 a.
807 854 888 886 Chr.
907 854 952 895 n.)
979 862 1090 896 regno
1114 854 1337 887 vindicatum
1363 863 1443 887 esse
1470 858 1604 889 monet.

230 911 266 943 P.
285 913 350 943 207
377 920 409 943 n.
430 913 507 943 430.
557 911 646 943 Cum
672 911 730 943 hic
754 912 791 943 in
814 911 917 944 vocis
943 908 1142 955 Βερενικεύς
1166 912 1464 954 interpretatione
1487 912 1673 954 profectus
1698 920 1817 945 essem

323 977 343 1000 a
367 968 500 1009 regula,
527 977 638 1009 quam
661 969 696 1000 in
715 968 858 1000 Graecis
876 968 1086 1001 civitatibus
1104 969 1263 1001 valuisse
1279 969 1523 1002 certissimum
1541 971 1607 1012 est,
1633 969 1732 1003 domi
1757 969 1818 1002 de-

325 1026 470 1058 moticis
495 1025 548 1056 uti
574 1025 684 1066 cives,
716 1033 866 1066 peregre
890 1025 1054 1067 ethnicis,
1088 1034 1146 1058 me
1176 1034 1317 1058 errasse
1349 1026 1475 1059 docuit
1496 1026 1661 1060 Wilcken
1683 1026 1818 1059 Archiv

323 1082 382 1114 fiir
405 1081 769 1123 Papyrusforschung
793 1082 838 1113 111
872 1090 907 1123 p.
931 1084 1007 1124 325,
1040 1082 1127 1123 quIa
1158 1083 1195 1114 in
1226 1083 1391 1125 Aegypto
1427 1083 1531 1125 longe
1566 1083 1659 1116 alius
1690 1083 1819 1116 fuisset

324 1147 424 1171 usus.
473 1138 568 1171 Haec
598 1138 805 1172 observatio
836 1147 924 1171 vera
954 1140 1010 1171 est
1043 1148 1084 1172 ac
1109 1139 1166 1172 vel
1191 1140 1299 1173 huius
1323 1140 1546 1174 collectionis
1577 1141 1693 1173 titulis
1717 1149 1818 1174 com·

325 1195 492 1238 pluribus
517 1195 790 1238 comprobatur,
821 1196 870 1228 ita
900 1197 940 1228 ut
964 1193 1166 1240 Βερενικεὺς
1190 1206 1263 1230 non
1289 1197 1408 1230 minus
1433 1197 1671 1240 probabiliter
1695 1198 1819 1231 demo-

325 1253 438 1285 ticum
465 1252 722 1293 (Alexandriae)
748 1262 857 1294 quam
885 1253 1070 1286 ethnicum
1095 1253 1222 1286 haberi
1246 1255 1372 1296 possit.
1396 1273 1442 1279 —
1458 1255 1519 1288 Vs.
1538 1257 1591 1288 26.
1611 1256 1725 1287 315.st
1750 1264 1817 1297 pro

326 1307 485 1351 Πελλίας,
522 1307 669 1342 Πελλὶου
699 1309 757 1342 W.
788 1310 956 1342 emendat
987 1307 1148 1352 Πελαίας,
1181 1307 1339 1354 Πελαίου,
1378 1311 1478 1353 quod
1517 1319 1652 1344 nomen
1688 1312 1725 1344 in
1757 1311 1818 1344 illa

324 1368 559 1409 potissimum
583 1367 738 1409 Aegypti
767 1368 914 1408 regione
944 1367 1197 1409 frequentibus
1227 1369 1445 1401 testimoniis
1469 1368 1644 1401 traditum
1669 1369 1727 1401 sit.
1767 1368 1817 1401 Cf.

326 1425 383 1457 Gr.
402 1425 552 1457 Ostraka
578 1424 607 1456 11
632 1433 665 1466 p.
687 1427 762 1457 479.

234 1482 269 1514 P.
289 1484 353 1513 244
381 1491 415 1515 n.
435 1484 511 1523 432,
531 1484 585 1513 44.
634 1479 770 1522 {gemmei
794 1481 963 1514 emendat
979 1482 1145 1514 Wilcken
1170 1481 1302 1514 Archiv
1318 1481 1378 1514 fiir
1393 1482 1754 1525 Papyrusiorschung
1770 1483 1818 1514 111

327 1547 362 1580 p.
382 1541 445 1570 325
480 1540 555 1570 tam
587 1538 764 1579 sagaciter
794 1548 904 1580 quam
935 1538 1181 1580 probabiliter.
1230 1538 1459 1572 Adiectivum
1491 1540 1579 1572 item
1615 1539 1661 1572 ad
1697 1538 1819 1585 φορτία

327 1594 555 1627 referendum
572 1596 638 1636 est,
664 1604 747 1626 cum
766 1595 1036 1628 substantivum
1063 1593 1154 1633 ξένια
1177 1595 1266 1627 nihii
1283 1595 1484 1637 significare
1505 1597 1624 1638 possit
1639 1596 1708 1629 nisi
1725 1596 1819 1630 dona

327 1652 531 1694 hospitalia,
556 1660 649 1693 quae
673 1652 773 1684 notio
800 1652 845 1684 ab
870 1653 979 1685 huius
1003 1653 1098 1684 tituli
1123 1653 1337 1694 argumento
1361 1653 1476 1686 aliena
1499 1655 1565 1686 est.

236 1710 272 1742 P.
291 1712 357 1742 2⁴8
383 1719 417 1741 n.
437 1711 502 1741 437
529 1710 601 1742 not.
621 1711 651 1741 3.
695 1718 729 1750 p.
749 1711 814 1741 249
841 1718 874 1741 n.
894 1712 959 1741 438
993 1711 1065 1742 not.
1086 1713 1116 1742 7.
1164 1710 1215 1742 De
1245 1710 1336 1752 loco,
1367 1718 1477 1752 quem
1507 1710 1734 1743 Ptolemaeus
1757 1709 1820 1742 VII
1856 1736 1858 1738 .

327 1767 491 1808 Eupator
514 1766 551 1798 in
577 1766 704 1798 ordine
728 1775 855 1807 regum
882 1766 1014 1798 divinis
1047 1766 1248 1799 honoribus
1274 1766 1486 1800 affectorum
1512 1768 1620 1809 tenet,
1653 1767 1761 1799 docte
1785 1768 1822 1799 et

327 1823 504 1865 sagaciter
541 1822 741 1864 disputavit
772 1823 808 1856 R.
835 1823 1003 1864 Laqueur
1040 1822 1275 1860 Quaestiones
1306 1823 1559 1866 epigraphicae
1594 1825 1631 1856 et
1660 1832 1820 1866 papyro-

327 1881 464 1922 logicae
489 1880 652 1922 selectae,
678 1880 908 1922 Argentorati
934 1881 1033 1922 4904,
1059 1888 1094 1921 p.
1113 1882 1148 1911 34
1165 1888 1243 1921 sqq.
1286 1879 1320 1911 ls
1345 1879 1555 1913 observavit
1578 1879 1820 1913 Philometore
1856 1873 1858 1917 J

328 1938 523 1979 superstite
547 1945 693 1979 semper
716 1936 831 1968 filium
856 1945 940 1968 cum
965 1937 1067 1978 patre
1092 1945 1163 1969 una
1188 1937 1397 1977 regnantem
1422 1938 1507 1969 ante
1530 1937 1697 1978 parentes
1721 1945 1821 1970 com·
1856 1936 1858 1976 ξ

329 1995 535 2035 memorari,
561 1995 658 2026 recte
683 1995 719 2026 et
743 1994 911 2036 legitime,
938 1993 1120 2035 siquidem
1137 2002 1202 2035 per
1219 1995 1384 2035 tempora
1409 2002 1429 2025 a
1453 1993 1621 2034 pluribus
1641 2002 1713 2027 una
1729 1994 1820 2035 gesti

330 2052 428 2092 regni
454 2059 598 2092 semper
622 2052 658 2083 in
683 2051 744 2083 ilio
770 2051 887 2083 indice
904 2059 988 2082 eum
1013 2051 1117 2082 cuius
1142 2051 1281 2092 primae
1305 2050 1340 2082 in
1365 2050 1520 2092 imperio
1541 2052 1665 2092 partes
1689 2053 1819 2092 essent,

328 2108 471 2149 ultimo,
486 2108 627 2139 socium
645 2108 745 2148 regni
758 2107 981 2148 paenultimo
994 2107 1074 2139 ioco
1092 2107 1298 2139 enumerari
1315 2107 1428 2139 moris
1445 2106 1583 2140 fuisset.
1611 2108 1820 2150 'Postquam

329 2173 416 2197 vero
443 2173 593 2205 regnum
619 2173 649 2196 a.
669 2166 733 2196 445
752 2172 785 2205 p.
806 2164 886 2196 Chr.
912 2165 948 2196 in
974 2164 1152 2196 minorem
1177 2163 1325 2196 fratrem
1346 2164 1591 2197 Ptolemaeum
1607 2163 1687 2197 VIII
1709 2164 1821 2197 Euer-

329 2223 446 2263 getam
464 2222 494 2253 11
519 2221 731 2262 transiisset,
757 2221 959 2261 legitimum
982 2220 1143 2252 futurum
1163 2219 1274 2253 fuisse
1292 2221 1515 2254 contrarium
1535 2221 1710 2264 ordinem,
1735 2221 1821 2264 quia

331 2279 557 2311 Ptolemaeus
579 2277 642 2310 VII
674 2278 834 2319 Eupator
866 2280 950 2319 post
980 2278 1120 2319 patrem
1146 2277 1392 2311 Ptolemaeum
1417 2278 1463 2310 VI
1488 2277 1728 2312 Philometore
1760 2278 1821 2311 de-

329 2335 474 2368 functus
499 2336 604 2368 esset.
653 2334 721 2366 Sed
746 2343 810 2375 per
839 2336 1029 2376 proximos
1061 2343 1174 2367 annos
1206 2335 1328 2367 tamen
1353 2335 1479 2368 eadem
1512 2335 1734 2378 neglegentia
1762 2335 1820 2368 vel
1856 2374 1858 2383 Ι

330 2392 509 2434 tarditate,
542 2401 615 2433 qua
644 2390 785 2424 scribae
818 2392 926 2423 etiam
960 2391 1045 2423 alibi
1077 2391 1251 2425 formulas
1280 2393 1441 2426 mutatae
1466 2401 1589 2425 rerum
1613 2392 1821 2425 condicioni
1847 2397 1858 2426 ³}

334 2458 406 2481 non
431 2449 504 2481 iam
529 2447 823 2480 accommodatas
848 2448 1090 2491 retinuissent,
1115 2449 1176 2481 hic
1201 2458 1346 2491 quoque
1370 2457 1432 2482 eos
1457 2449 1717 2492 aliquantisper
1739 2457 1822 2492 per·

331 2506 468 2538 rexisse
491 2505 674 2547 Eupatora
697 2506 779 2537 ante
803 2505 1045 2538 Philometore
1069 2514 1267 2549 recensere,
1293 2506 1330 2539 id
1353 2506 1452 2548 quod
1476 2507 1512 2539 in
1535 2506 1686 2548 papyris
1710 2514 1821 2539 anno-

333 2571 415 2595 rum
440 2560 542 2606 44410
570 2563 606 2594 et
631 2559 755 2604 ⁴40l39
782 2563 1000 2595 cerneretur.
1049 2563 1185 2596 Deinde
1208 2572 1306 2605 vero,
1332 2563 1370 2596 id
1393 2563 1493 2605 quod
1516 2563 1723 2604 singillatim
1747 2563 1820 2595 iam
1845 2588 1848 2606 3

331 2620 368 2652 in
392 2628 533 2661 papyro
559 2619 642 2651 anni
667 2617 766 2661 ⁴⁴2l⁴
790 2628 820 2651 a.
836 2618 915 2651 Chr.
935 2628 968 2651 n.
994 2619 1127 2652 factum
1155 2621 1261 2661 esset,
1291 2620 1500 2652 constanter
1518 2619 1631 2652 teneri
1655 2618 1817 2652 ordinem

332 2676 567 2717 contrarium,
598 2677 661 2717 qui
691 2677 769 2708 tum
801 2684 895 2708 unus
927 2678 1024 2708 recte
1057 2685 1096 2709 se
1126 2676 1285 2709 haberet.
1332 2676 1450 2718 Atque
1481 2676 1553 2709 hoc
1577 2675 1724 2718 quidem
1749 2677 1847 2711 tre-2

333 2733 450 2766 decim
487 2741 712 2775 papyrorum
750 2732 967 2765 Graecorum
1006 2734 1041 2765 et
1082 2733 1346 2766 demoticorum
1381 2741 1447 2775 per
1488 2741 1600 2765 annos
1638 2734 1818 2765 439-448

334 2799 364 2823 a.
394 2790 474 2822 Chr.
510 2789 721 2822 testimonio
758 2789 958 2831 confirmat,
1000 2798 1083 2822 cum
1115 2799 1211 2823 unus
1246 2789 1355 2823 modo
1391 2789 1598 2822 demoticus
1633 2789 1729 2837 anni>
1753 2791 1813 2821 434

334 2856 364 2880 a.
382 2847 462 2879 Chr.
481 2856 514 2879 n.
541 2847 732 2888 (Revillout
756 2847 839 2879 Rev.
864 2846 991 2889 Egypt.
1019 2848 1043 2889 I,
1069 2847 1122 2888 94)
1154 2848 1343 2889 antiquum
1377 2846 1542 2879 ordinem
1572 2842 1751 2890 (Εὐπάτωρ
1774 2862 1822 2870 -

334 2900 553 2950 Φιλομήτωρ)
579 2904 720 2938 habeat.
768 2904 881 2937 Morte
905 2904 1100 2937 Ptolemaei
1114 2905 1192 2936 VIII
1216 2904 1370 2946 denique
1394 2904 1527 2937 novam
1552 2902 1716 2936 effectam
1741 2910 1841 2935 esse<
