1858 3126
237 157 321 198 676

234 292 425 338 κόλλυβος·
462 293 549 327 ὥστε
581 289 634 327 ἀπ’
662 292 772 327 αὐτῶν
805 293 995 334 σώσζεσθαι

279 351 322 397 τῇ
344 350 442 385 πόλει
465 350 528 396 τὴν
545 349 586 384 ἐκ
603 352 663 384 τοῦ
679 349 852 396 κολλύβου
870 351 994 397 πρόσο-

280 408 337 442 δον
361 408 515 451 484,19.
555 406 635 441 ἄνευ
651 406 825 454 κολλύβου
843 408 922 452 515,
937 414 992 442 22.

280 464 336 499 ἐπὶ
358 464 520 510 κολλύβῳ
552 466 630 508 515,
648 471 702 499 25.
746 464 920 510 κόλλυβός
942 477 991 504 τις

278 521 530 568 ἐμπειροίτηκεν
554 522 603 560 εἰς
618 522 681 569 τὴν
698 521 823 570 ἀγοράν
848 522 927 566 515,
937 530 989 557 50.

276 592 313 613 κ
307 578 449 625 ’λλυβον
475 580 552 622 515,
572 587 612 613 57

230 637 359 676 κόλπος
384 638 462 681 441,
478 643 541 671 218

228 695 341 729 κόλων
369 694 534 738 (colonus)
560 694 638 738 588,
659 701 676 728 5

227 751 378 786 ’κολωνία
418 752 497 795 536,
521 757 551 785 2.
582 759 612 785 4.
654 751 732 795 595,
758 758 814 785 40.
853 751 931 794 600,
957 757 986 785 1.

275 809 340 844 ὑπό
364 821 401 843 τε
426 809 621 843 κολωνειῶν
650 807 709 842 καὶ
739 807 858 853 δήμων
892 807 987 842 ἐλευ-

274 866 385 914 θέρων
411 867 490 909 567,
508 872 548 900 20

226 923 382 961 κολωνός
407 924 485 967 264,
506 931 521 956 7

225 981 357 1027 κόμης·
392 981 450 1015 τὸν
486 979 711 1026 περίβλεπτον
745 979 886 1025 κόμητα
915 984 983 1013 τῶν

271 1043 396 1073 στενῶν
413 1038 492 1082 521,
508 1044 559 1071 14.
601 1037 619 1071 6
635 1035 876 1082 λαμπρότατος
891 1038 984 1081 πρώ-

270 1107 330 1129 του
355 1094 527 1142 τάγματος
549 1093 662 1140 κόμης
685 1093 746 1128 καὶ
767 1092 846 1134 δοὺξ
869 1094 948 1137 613,
964 1100 980 1127 2

225 1152 373 1197 κομίζω·
410 1151 442 1186 οἱ
472 1152 529 1186 τὸν
570 1150 660 1186 οἶνον
700 1149 896 1196 κομίζοντες
934 1150 982 1189 εἰς

268 1210 330 1255 τὴν
358 1207 514 1255 βασιλίδα
536 1207 662 1254 ταύτην
687 1207 786 1242 πόλιν
811 1208 889 1251 521,
908 1214 949 1242 22

221 1267 372 1305 κονίασις
395 1269 455 1300 τοῦ
483 1265 573 1312 ἱεροῦ
599 1266 678 1309 737,
699 1272 736 1298 11

221 1324 346 1371 κόπρια
369 1323 448 1367 483,
469 1330 507 1357 81

221 1381 307 1427 κόρη
333 1381 412 1425 403,
431 1389 448 1415 8

220 1439 375 1484 κορυφή·
400 1437 477 1483 περὶ
500 1438 658 1484 κορυφὴν
677 1435 850 1482 Ταυρείων
876 1436 979 1485 αὐχέ-

266 1508 332 1528 νων
358 1495 436 1538 383,
458 1501 519 1528 125

218 1552 373 1598 κοσμὲω·
429 1550 605 1598 φιλοτιμίᾳ
650 1550 866 1598 κεχρημένον
915 1551 978 1586 οὐκ

267 1609 368 1644 αὐτὸν
402 1608 505 1654 μόνον
534 1607 712 1655 κοσμούσῃ
739 1614 788 1632 -’
805 1607 896 1642 ἀλλὰ
918 1609 977 1643 καὶ

263 1667 326 1712 τὴν
343 1666 439 1700 πόλιν
458 1667 536 1710 504,
553 1673 606 1700 13.
643 1665 834 1712 ἐκόσμησεν
850 1666 930 1710 403,
945 1673 976 1700 6.

263 1724 311 1771 τῷ
330 1723 569 1770 διαδήματι-
580 1723 816 1767 κοσμήσαντες
833 1723 936 1767 248,1
945 1731 975 1758 8.

261 1785 334 1819 τοῖς
368 1780 458 1816 κατὰ
490 1779 600 1827 τύχην
638 1779 756 1826 (εὐχήν
767 1779 796 1822 ‘?)
832 1779 976 1827 ἀγαθοῖς

262 1839 363 1873 αὐτὸν
386 1836 627 1883 κεκοσμῆσθαι
650 1837 728 1880 764,
750 1845 788 1871 11

214 1895 378 1940 κόσμιος·
432 1893 514 1939 ἤθει
559 1894 619 1928 καὶ
666 1893 786 1940 ἀγωγῇ
830 1893 973 1941 κόσμιον

260 1953 377 1996 485,3
398 1940 419 1953 ¹

212 2010 417 2056 κοσμιότης’
439 2013 503 2054 τῆς
528 2021 565 2043 τε
588 2007 816 2053 κοσμιότητος
841 2007 970 2043 εἵνεκεν

258 2066 317 2099 καὶ
340 2069 400 2100 τοῦ
423 2066 552 2111 τρόπου
578 2067 656 2107 505,
677 2072 716 2099 12

210 2123 341 2167 κόσμος
369 2124 397 2156 1.
422 2125 591 2157 ornatus:
617 2122 735 2165 423,5.
776 2121 825 2159 εἰς
841 2121 969 2167 κόσμον

257 2179 384 2214 οἰκεῖον
415 2179 493 2222 383,
513 2185 590 2213 223.
630 2177 887 2216 κατασκευάσας
910 2179 968 2213 τὸν

255 2237 336 2271 ναὸν
354 2236 439 2282 μετὰ
456 2236 578 2274 παντὸς
594 2239 654 2269 τοῦ
671 2235 803 2280 κόσμου
823 2236 902 2280 531,
916 2243 968 2270 13.

254 2294 292 2328 τὸ
317 2294 477 2328 τελώνιον
505 2293 564 2327 καὶ
590 2293 647 2327 σὺν
673 2291 768 2339 αὐτῷ
791 2292 890 2327 στοὰν
908 2292 966 2327 σὺν

254 2351 304 2396 τῷ
319 2351 418 2384 παντὶ
434 2350 553 2396 κόσμῳ
579 2350 657 2394 525,
678 2357 729 2384 13.
769 2350 848 2387 τοὺς
867 2349 966 2395 ἱερεῖς

252 2426 299 2432 -
323 2406 546 2452 παρατιθέναι
570 2406 688 2445 αὐταῖς
720 2410 805 2450 (ταῖς
829 2406 964 2448 εἰκόσιν)

255 2463 342 2508 ἱερὸν
374 2464 504 2508 κόσμον
534 2464 590 2506 90,
610 2471 662 2498 40.
713 2462 964 2508 προνοούμενος

254 2519 438 2565 θεραπείας
459 2531 497 2553 τε
527 2520 586 2554 καὶ
614 2519 745 2564 κόσμου
777 2519 963 2566 πρέποντος

254 2577 351 2623 ἱερῶν
365 2575 572 2623 ἀγαλμάτων
591 2577 757 2619 383,131.
798 2575 961 2619 (στατίων)

251 2634 311 2668 καὶ
340 2633 461 2678 κόσμῳ
492 2633 552 2668 καὶ
585 2631 722 2679 μεγέθει
749 2636 827 2667 τῶν
845 2632 961 2667 ἄλλων

251 2690 458 2741 διαφέρουσα
482 2691 559 2735 595,
574 2697 604 2724 6.
639 2689 767 2736 κόσμον
784 2701 822 2724 τε
837 2690 896 2724 καὶ
910 2689 961 2724 λι-

248 2748 405 2795 τουργίαν
415 2751 524 2782 πᾶσαν
534 2748 612 2791 383,
623 2755 639 2781 7
647 2754 677 2781 3.
701 2747 831 2792 κόσμον
840 2745 960 2793 Ile-pm-

248 2811 313 2852 κῆς
338 2805 484 2851 ἐσθῆτος
509 2803 759 2849 ἀναλαμβάνων
783 2804 863 2848 383,
884 2811 958 2838 135.

219 2863 223 2865 “
247 2863 376 2908 κόσμος
394 2866 456 2908 τῆς
474 2858 604 2900 Ἰωνίας
624 2861 658 2907 (ἡ
677 2860 878 2907 Σμυρναίων
894 2861 957 2895 πό-

248 2919 312 2962 λις)
333 2920 450 2963 514,3.
470 2938 516 2944 —
539 2920 571 2953 2.
595 2918 770 2954 mundus:
795 2917 894 2952 παντὶ
910 2918 959 2964 τῷ

952 157 1102 191 Indices.

1109 294 1230 341 κόσμῳ
1260 295 1342 339 458,
1361 302 1391 330 8.
1429 294 1529 342 ἦρξεν
1561 295 1600 331 δὲ
1627 296 1678 343 τῷ
1697 296 1821 343 κόσμῳ

1108 356 1176 386 τῶν
1201 349 1239 386 δι’
1260 351 1361 387 αὐτὸν
1378 352 1580 400 εὐανγελίων
1604 352 1628 399 ἡ
1645 353 1823 400 γένεθλιος

1107 411 1168 443 τοῦ
1204 408 1286 444 θεοῦ
1321 410 1401 454 458,
1427 417 1482 446 40.
1538 409 1629 445 κατὰ
1661 411 1724 456 τὴν
1758 413 1820 445 νῦν

1109 464 1211 500 οὖσαν
1234 467 1440 502 κατάστασιν
1463 470 1526 502 τοῦ
1542 467 1675 514 κόσμου
1699 468 1820 512 56,ι·1.

1108 521 1269 570 ἐξαίφνης
1304 522 1483 570 μετελθεῖν
1517 524 1567 564 εἰς
1601 524 1660 559 τὸν
1687 524 1821 560 ’ἀέναον

1105 579 1236 625 κόσμον
1269 582 1324 625 56,
1343 588 1399 616 48.
1443 582 1480 617 ἐν
1504 580 1625 628 εἰρήνῃ
1648 582 1821 628 καταστή-

1107 649 1167 675 σας
1215 637 1326 672 πάντα
1370 638 1430 673 τὸν
1478 635 1529 673 ὑπ’
1565 637 1644 684 ἐμοὶ
1686 637 1816 684 κόσμον

1110 695 1185 739 199,
1205 702 1258 730 35.
1280 714 1327 720 -
1350 697 1385 730 3.
1405 695 1533 742 κόσμοι
1558 694 1817 741 (Μαθίεύναίιιε)

1103 748 1307 798 Ἀπταραίων
1332 753 1410 796 270,
1432 760 1469 787 10

1057 808 1178 843 κόστον
1203 809 1283 852 214,
1301 817 1342 844 60

1056 865 1229 912 κουφίζω·
1255 866 1321 901 ἀπὸ
1345 870 1413 900 τῶν
1439 865 1500 900 δύο
1516 865 1692 902 ταλάντων
1715 866 1739 902 ἃ
1760 880 1819 902 τε·-

1102 921 1195 957 λεῖτε
1229 919 1302 958 κατ’
1333 923 1484 958 ἐνιαυτὸν
1523 923 1686 969 κουφίσαι
1725 923 1818 970 ὑμᾶς

1103 981 1180 1023 751,
1191 988 1221 1015 8.
1252 979 1434 1026 ἐκούφισσε
1449 979 1520 1025 τὰμ
1535 980 1635 1015 πόλιν
1651 982 1746 1025 4,12.
1760 989 1816 1016 13.
1852 997 1858 1006 ²

1102 1035 1154 1070 ἀεὶ
1168 1036 1291 1075 αὐτοὺς
1302 1035 1511 1083 κουφίσαντα
1526 1037 1606 1080 638,
1617 1044 1650 1071 6.
1685 1042 1754 1072 τῶν
1767 1055 1833 1067 -«

1102 1093 1315 1141 φορολογιῶν
1337 1112 1386 1119 -
1406 1093 1500 1132 τινας
1536 1094 1598 1139 μὲν
1630 1094 1679 1133 εἰς
1712 1094 1817 1134 τέλος
1851 1092 1858 1149 Ξ

1100 1151 1244 1197 ἀφῆκεν,
1269 1150 1377 1189 ἄλλας
1401 1151 1439 1186 δὲ
1459 1151 1664 1197 κεκούφικεν
1693 1152 1749 1196 90,
1771 1159 1812 1188 12
1851 1150 1858 1165 ⁴

1053 1211 1197 1255 κοῦφος·
1222 1208 1262 1242 τὸ
1287 1208 1349 1253 μὲν
1373 1206 1438 1256 γὰρ
1462 1207 1551 1243 ὅσιον
1575 1207 1664 1243 ἅπαν
1680 1212 1816 1256 κοῦφον
1845 1255 1848 1258 ⁴

1099 1264 1196 1312 ἔργον
1222 1265 1383 1309 383,120
1838 1306 1840 1308 ,

1050 1321 1291 1369 κουφοτέλεια·
1327 1321 1534 1369 ἐνετεὺχθην
1566 1322 1605 1357 δὲ
1638 1323 1698 1358 καὶ
1732 1324 1815 1370 περὶ

1095 1385 1165 1414 τῶν
1223 1379 1387 1414 ἀτελειῶν
1416 1406 1420 1412 .
1445 1380 1505 1414 καὶ
1558 1379 1808 1425 κουφοτελειῶν
1842 1375 1858 1430 '-

1096 1437 1174 1480 669,
1194 1443 1247 1472 26.
1285 1436 1501 1484 τηρουμένης
1520 1436 1638 1476 αὐτοῖς
1652 1440 1716 1483 τῆς
1729 1435 1810 1472 ἀτε·
1843 1456 1854 1481 75

1095 1494 1187 1532 λείας
1210 1493 1269 1528 καὶ
1291 1492 1532 1540 κουφοτελείας
1556 1495 1635 1539 669,
1655 1501 1695 1529 2ο

1047 1555 1165 1596 κρᾶμα
1189 1551 1268 1595 383,
1290 1558 1351 1585 148

1047 1608 1199 1654 κρατέω·
1223 1613 1290 1643 τῶν
1314 1607 1538 1656 ὑπαρχόντων
1561 1606 1813 1654 κρατουμένων

1095 1665 1172 1710 669,
1190 1671 1244 1700 23.
1282 1664 1516 1712 κρατηθέντος
1530 1663 1606 1699 ’ὑπὸ
1628 1669 1698 1700 τῶν
1716 1664 1813 1700 νέων;

1093 1722 1198 1758 αὐτοῦ
1225 1724 1294 1765 (τοῦ
1310 1723 1419 1768 κριοῦ)
1442 1721 1503 1756 καὶ
1517 1720 1806 1768 καλλιερηθέντος

1093 1780 1231 1823 764‚2s

1044 1841 1211 1882 κρατῆρες
1237 1837 1315 1880 383,
1336 1843 1398 1871 147

1043 1893 1239 1939 κράτιστος·
1272 1894 1331 1928 τὸν
1359 1892 1537 1940 κράτιστον
1561 1891 1621 1927 ἐπὶ
1645 1897 1714 1928 τῶν
1738 1905 1804 1928 κα·

1090 1949 1196 1986 θόλου
1220 1950 1330 1996 λόγων
1361 1950 1439 1993 715,
1454 1956 1484 1984 2.
1529 1953 1589 1984 τοῦ
1617 1948 1810 1997 κρατίστου.-

1087 2006 1254 2053 ἡγεμόνος
1278 2008 1356 2050 667,
1371 2013 1403 2040 4.
1441 2006 1499 2041 τὸν
1522 2005 1702 2052 κράτιστον
1727 2005 1802 2041 ἐπί-

1086 2075 1210 2108 τροπον
1229 2061 1401 2108 Σεβαστοῦ
1419 2062 1644 2110 δουκηνάριον
1668 2063 1747 2107 645,
1766 2069 1800 2099 2.

1087 2121 1166 2164 646,
1185 2126 1215 2154 2.
1261 2118 1402 2165 Ζάβδας
1433 2119 1452 2154 6
1476 2120 1582 2167 μέγας
1607 2119 1797 2166 στρατηλά-

1084 2189 1146 2222 της
1168 2177 1228 2211 καὶ
1252 2175 1428 2223 Ζαββαῖος
1457 2176 1476 2211 6
1500 2175 1622 2212 ἐνθάδε
1653 2185 1834 2225 στρατηηῇξ4

1083 2234 1191 2280 λάτης
1208 2235 1242 2269 οἱ
1264 2234 1440 2281 κράτιστοι
1463 2234 1542 2278 648,
1562 2242 1593 2268 ⁵.
1631 2237 1692 2269 τοῦ
1712 2245 1797 2280 κρα·

1081 2290 1193 2326 τίστου
1218 2289 1388 2337 Μύρωνος
1412 2292 1492 2334 210,
1510 2297 1543 2325 2.
1587 2290 1647 2326 τὸν
1676 2292 1814 2336 aputu-z-

1083 2359 1160 2383 στον
1206 2345 1387 2383 Καικίλιον
1424 2344 1608 2395 Ἑρμιανόν
1652 2349 1731 2393 549,
1762 2355 1837 2383 tm·

1083 2403 1184 2439 Γάιον
1208 2402 1349 2440 Ἰούλιον
1382 2404 1554 2440 Φίλιππον
1587 2405 1646 2440 τὸν
1675 2405 1818 2451 κράτι-

1082 2473 1158 2497 στον
1198 2463 1276 2506 500,
1303 2471 1332 2497 7.
1389 2460 1568 2497 Στατιλίου
1609 2459 1826 2508 Ἀμμιανο

1078 2522 1139 2553 τοῦ
1167 2519 1347 2565 κρατίστου
1379 2520 1458 2563 614,
1478 2526 1509 2554 4.
1555 2516 1762 2565 Κουρβούλ

1079 2576 1097 2610 6
1121 2576 1299 2622 κράτιστος
1323 2577 1401 2621 629,
1422 2583 1483 2611 168
1802 2574 1806 2575 ’

1031 2632 1174 2678 κράτος·
1200 2632 1284 2679 ὑπὲρ
1305 2652 1353 2659 —
1375 2631 1545 2679 σωτηρίας
1562 2632 1621 2666 καὶ
1641 2631 1748 2677 κράτο
1777 2628 1806 2657 -'

1078 2690 1182 2725 αὐτοῦ
1215 2692 1284 2734 (τοῦ
1317 2688 1502 2736 Σεβαστοῦ)
1532 2689 1610 2733 625,
1630 2697 1660 2723 5.
1694 2684 1785 2724 ’ἀνθ’
1800 2702 1809 2719 τ’

1077 2748 1123 2781 ὧν
1149 2746 1332 2782 δεδώκασιν
1365 2745 1457 2792 αὐτῷ
1485 2746 1519 2780 οἱ
1547 2745 1624 2781 θεοὶ
1647 2745 1828 2793 ὑγίειαν,μ

1075 2803 1185 2850 νίκην,
1200 2803 1326 2849 κράτος
1343 2804 1399 2846 90,
1411 2809 1465 2837 35.
1504 2802 1568 2848 τὴν
1583 2801 1683 2837 πόλιν
1696 2801 1785 2836 κατὰ
1819 2795 1828 2840 Ξ

1074 2861 1200 2906 κράτος
1223 2860 1312 2895 εἷλεν
1337 2861 1393 2905 90,
1412 2866 1466 2895 26.
1505 2859 1556 2897 δὶς
1581 2858 1617 2894 ἐν
1633 2858 1786 2906 παρατά-
1815 2859 1834 2884 ‘s-

1075 2918 1122 2958 ξει
1144 2917 1231 2953 κατὰ
1253 2917 1377 2964 κράτος
1398 2917 1542 2962 νικήσας
1567 2917 1646 2960 654,
1665 2924 1682 2951 3
1794 2928 1796 2930 ·
1816 2915 1820 2927 ”
