1858 3126
218 108 273 148 94
455 108 543 142 VIII.
579 109 726 151 Imperii
750 110 899 142 Romani
923 110 1134 152 provinciae
1158 111 1360 143 orientales.
1410 113 1439 142 4.
1465 109 1560 143 Asia.
1721 112 1798 153 [483
1853 90 1858 136 ἶ

265 257 308 290 25
336 245 408 303 τὴν
444 246 584 303 χώραν
622 247 724 289 ὁδῶν
757 248 799 289 αἱ
838 246 907 303 μὲν
938 247 950 304 ΙΙ
979 248 1225 305 λεεωιρόροι11
1255 247 1308 304 μὴ
1349 246 1547 297 ἐλάσσους
1577 247 1621 290 τὸ
1651 246 1802 296 πλάτος
1856 234 1858 278 ss

337 315 536 373 τεηΙχῶν12
566 313 706 372 εἴκοσι,
749 317 790 359 αἱ
821 315 866 359 δὲ
898 316 1021 360 ἄλλαι
1052 317 1106 374 μὴ
1138 315 1338 364 ἐλάσσους
1370 316 1375 375 Ι
1407 320 1548 375 πηχῶν
1581 318 1695 372 ὀκτώ,
1729 315 1801 360 ἐὰν

339 387 393 441 μή
434 401 537 433 τινες
576 383 682 427 κατὰ
723 383 797 434 τὰς
836 385 841 444 Ι
879 385 1114 443 γειτνιάσεις
1151 387 1282 429 ἕνεκεν
1320 390 1391 443 τῆς
1426 386 1526 444 πρὸς
1565 387 1763 443 ἀλλήλους
1797 385 1803 442 Ι

267 465 311 498 30
340 455 475 496 διόδου
519 454 711 511 ἀτραποῖς
750 458 985 512 χρῶνταιῖῧ.
1028 455 1316 512 παρεχέτωσαν
1356 455 1368 512 ΙΙ
1409 455 1452 498 δὲ
1491 454 1697 512 καθαροὺς
1736 454 1805 497 καὶ

337 523 600 580 πορευσίμους
627 521 699 572 τὰς
730 523 846 572 ὁδοὺς
875 523 880 581 Ι
909 525 961 580 [οἱ
986 522 1050 580 τ]οἰ
1079 526 1265 581 κτήματα
1289 525 1570 581 κεκτημένοι14
1594 521 1704 581 παρὰ
1731 522 1805 572 τὰς

339 591 492 650 ο[ἰΙκίας
522 592 607 648 καὶ]
635 593 706 651 τὴν
737 594 950 651 γειτνίασιν
979 595 1054 641 ἕως
1082 594 1251 636 σταδίων
1285 593 1290 651 Ι
1324 595 1437 649 [δέκα
1449 597 1483 623 ¹⁵
1513 593 1807 651 συνει]σφέρον-

317 817 353 846 44
385 814 439 847 Ad
455 814 612 847 Platonis
629 815 733 857 Legg.
752 814 808 857 VI,
829 817 892 846 763
913 815 953 847 C:
981 812 1115 847 ἕποιντο
1134 808 1161 846 δ’
1180 812 1219 847 ἂν
1237 812 1438 860 ἀγρονόμοις
1456 811 1638 858 ἀστυνόμοι
1653 814 1746 857 τρεῖς
1761 830 1808 835 -

223 876 291 906 τῶν
315 882 353 905 τε
377 870 465 905 ὁδῶν
491 870 752 917 ἐπιμελούμενοι
775 877 843 905 τῶν
867 870 956 905 κατὰ
979 871 1017 905 τὸ
1043 870 1125 905 ἄστυ
1150 871 1210 905 ’καὶ
1238 875 1306 904 τῶν
1333 869 1374 903 ἐκ
1395 874 1460 916 τῆς
1483 870 1599 917 χώρας
1621 868 1807 915 λεωφόρων

224 929 273 967 εἰς
296 929 359 975 τὴν
384 927 483 963 πόλιν
508 928 561 963 ἀεὶ
582 927 787 974 τεταμένων.
829 930 962 963 Polluc.
981 930 1039 972 IX,
1060 932 1099 961 37
1125 928 1185 966 τὰς
1211 928 1272 973 μὲν
1297 926 1478 973 εὐρυτέρας
1495 926 1595 965 ὁδοὺς
1611 925 1808 974 λεωφόρους

225 985 265 1021 ἂν
296 986 355 1021 καὶ
383 986 566 1032 ἁμαξιτοὺς
590 985 734 1033 ’καλοίης
759 989 961 1030 provocant
985 987 1152 1020 editores.
1200 988 1345 1019 Praeter
1369 986 1595 1019 latitudinem
1632 986 1742 1027 igitur
1771 985 1809 1017 id

225 1046 459 1089 potissimum
484 1045 704 1078 discriminis
728 1046 822 1078 inter
846 1046 910 1078 has
935 1047 972 1078 et
995 1045 1152 1087 reliquas
1171 1046 1272 1077 extra
1296 1044 1426 1077 urbem
1447 1045 1526 1077 vias
1551 1041 1809 1085 intercedebat,

226 1103 325 1146 quod
347 1101 522 1149 λεωφόροι
547 1103 724 1146 oppidum
742 1112 826 1136 cum
852 1112 937 1136 rure
954 1103 1231 1144 coniungebant.
1348 1104 1389 1133 42
1419 1101 1580 1134 Atticum
1605 1101 1703 1133 hunc
1726 1108 1810 1133 con-

226 1163 384 1194 tractum
410 1161 618 1203 genetivum
644 1169 723 1194 esse
747 1162 845 1194 recte
862 1163 968 1203 negat
985 1161 1211 1202 Phrynichus
1238 1169 1270 1202 p.
1290 1161 1355 1192 245
1381 1159 1436 1192 ed.
1454 1158 1607 1201 Lobeck‚
1633 1157 1695 1190 sed
1713 1157 1811 1200 apud

226 1219 420 1261 Polybium
445 1219 608 1260 aliosque
633 1220 831 1261 scriptores
857 1218 1024 1260 aequales
1050 1220 1086 1250 et
1110 1218 1219 1250 etiam
1245 1217 1464 1250 recentiores
1482 1216 1706 1258 frequentem
1731 1222 1810 1248 esse

226 1277 376 1310 adnotat
398 1276 527 1319 editor,
553 1279 595 1309 ut
618 1285 663 1309 ne
688 1277 724 1308 in
749 1277 854 1309 titulo
880 1276 1028 1318 quidem
1046 1277 1212 1318 tempore
1234 1275 1384 1318 suppari
1409 1274 1643 1307 offensionem
1667 1272 1809 1306 habeat.

227 1335 317 1367 Ante
352 1335 423 1367 hoc
459 1336 736 1367 monumentum
774 1336 959 1376 repertum
991 1342 1076 1366 sane
1108 1342 1226 1375 neque
1257 1333 1442 1374 antiquior
1477 1340 1596 1374 neque
1632 1330 1812 1363 recentior

228 1393 346 1425 forma
378 1401 422 1424 ex
454 1392 751 1434 inscriptionibus
778 1392 1005 1433 Pergamenis
1038 1393 1126 1423 nota
1159 1392 1246 1423 erat.
1295 1389 1344 1422 Cf.
1370 1390 1407 1422 E.
1426 1389 1629 1423 Schweizer
1653 1388 1812 1421 Gramm.

229 1451 294 1483 der
317 1459 415 1492 perg.
442 1450 655 1483 Inschriften
679 1459 714 1492 p.
735 1453 810 1482 447.
931 1452 972 1482 43
1004 1450 1041 1482 In
1068 1450 1280 1481 universum
1307 1448 1456 1490 quidem
1488 1448 1565 1480 ruri
1597 1447 1811 1480 octonorum

230 1507 364 1551 pedum
389 1507 542 1540 latitudo
560 1508 776 1550 postuletur,
803 1508 866 1540 sed
892 1508 1115 1549 permittitur
1132 1507 1241 1539 etiam
1259 1506 1452 1548 aliquando
1475 1507 1517 1537 ut
1533 1505 1614 1538 viae
1631 1503 1815 1545 angustio-

230 1574 289 1599 res
324 1564 422 1598 fiant.
470 1564 609 1607 Nempe
646 1566 726 1598 illae
759 1566 854 1607 sunt,
891 1574 984 1607 quae
1015 1564 1162 1606 publico
1194 1564 1278 1596 usui
1309 1564 1443 1605 patent,
1480 1562 1547 1595 hae
1577 1561 1714 1604 quibus
1747 1560 1814 1594 soli

230 1623 340 1656 vicini
363 1623 458 1655 inter
482 1631 521 1655 se
546 1624 764 1656 commeant.
814 1622 947 1655 Eadem
981 1631 1113 1664 genera
1145 1621 1302 1654 editores
1336 1620 1534 1653 observant
1563 1619 1737 1660 distingui
1769 1617 1816 1650 ab

232 1681 378 1723 Ulpiano
404 1681 537 1721 Digest.
562 1681 681 1723 XLIII,
702 1684 732 1723 8,
751 1684 782 1723 2,
801 1683 861 1713 23:
890 1678 1057 1724 privatae
1088 1677 1168 1713 viae
1199 1675 1391 1722 dupliciter
1422 1675 1545 1721 accipi
1569 1677 1733 1720 possunt,
1765 1674 1818 1709 vel

233 1736 310 1780 hae,
335 1748 426 1782 quae
449 1740 535 1772 sunt
558 1737 602 1772 in
625 1737 736 1781 ayris,
763 1737 892 1781 quibus
916 1735 1090 1781 imposita
1113 1739 1163 1770 est
1187 1734 1349 1778 servitus,
1374 1737 1414 1768 ut
1437 1734 1487 1768 ad
1509 1744 1642 1778 aymam
1665 1731 1816 1767 alterius

233 1795 376 1838 ducant,
402 1794 454 1829 vel
476 1794 554 1839 hae,
586 1806 677 1839 quae
697 1795 746 1829 ad
761 1806 867 1839 ayros
884 1794 1030 1838 ducunt,
1050 1804 1118 1838 per
1134 1804 1224 1837 quas
1248 1791 1454 1826 omnibus
1478 1801 1678 1826 commeare
1702 1788 1816 1823 liceat.

236 1856 276 1887 44
307 1854 404 1886 Onus
438 1854 516 1886 vias
552 1854 729 1896 purgandi
767 1855 803 1886 et
843 1853 1025 1886 reficiendi
1059 1852 1221 1894 Pergami
1256 1852 1384 1884 vicinis
1425 1859 1582 1892 quorum
1618 1848 1750 1882 domus
1782 1849 1818 1879 et

234 1912 334 1944 fundi
359 1920 419 1944 eas
445 1912 662 1954 attingerent
686 1912 888 1944 iniunctum
914 1911 1038 1953 fuisse,
1063 1910 1122 1942 hio
1139 1910 1322 1950 videmus;
1347 1917 1458 1950 quam
1483 1908 1598 1949 legem
1621 1907 1755 1938 mirum
1781 1905 1817 1937 in

236 1969 386 2002 modum
412 1970 609 2002 convenire
633 1978 718 2002 cum
743 1970 989 2002 Romanorum
1016 1968 1192 2010 instituto,
1223 1975 1307 1999 cum
1330 1966 1480 1999 Athenis
1505 1963 1725 2007 reipublicae
1750 1963 1818 1995 im-

234 2027 356 2069 pensis
375 2028 454 2060 viae
479 2027 647 2069 publicae
665 2029 907 2070 purgarentur
931 2028 966 2059 et
991 2025 1224 2058 reficerentur
1246 2024 1363 2066 (Arist.
1381 2020 1448 2057 Ἀθ.
1465 2020 1541 2055 πάλ.
1561 2024 1615 2064 54,
1634 2024 1664 2054 4.
1701 2019 1817 2052 Schol.

235 2085 399 2117 Aeschin.
418 2085 474 2126 ΙΙΙ,
493 2084 547 2126 24)
566 2084 777 2118 observavit
794 2085 831 2117 K.
944 2086 984 2116 45
1017 2083 1088 2116 Aut
1105 2083 1174 2116 hoc
1191 2084 1254 2115 aut
1278 2079 1363 2114 ἑπτά
1388 2082 1451 2113 aut
1468 2079 1558 2113 ὀκτώ
1583 2079 1695 2112 fuisse
1711 2077 1818 2120 spatii

236 2142 395 2175 rationes
419 2142 560 2184 docent,
586 2143 648 2175 sed
674 2143 861 2175 denarium
878 2150 1070 2174 numerum
1096 2150 1162 2183 per
1185 2148 1222 2172 se
1246 2139 1447 2182 plurimum
1464 2135 1732 2180 probabilitatis
1757 2135 1819 2167 ha-

236 2200 322 2232 here
346 2199 495 2232 adnotat
517 2200 557 2232 K.
607 2200 675 2232 Sed
707 2200 802 2232 unde
835 2200 894 2232 illa
919 2200 1043 2232 decern
1075 2198 1191 2231 stadia
1216 2195 1460 2238 computanda
1485 2195 1567 2236 sint,
1598 2202 1670 2226 non
1694 2193 1817 2234 liquet.

235 2256 361 2289 Editor
393 2257 538 2298 quidem
573 2258 771 2299 unicuique
806 2258 877 2290 civi
908 2261 983 2289 non‘
1011 2256 1120 2289 modo
1153 2256 1235 2288 ante
1268 2254 1383 2296 ipsius
1417 2253 1581 2294 domum,
1613 2251 1677 2284 sed
1709 2250 1819 2282 etiam

236 2314 362 2346 decem
387 2314 587 2346 stadiorum
614 2315 730 2356 spatio
755 2314 801 2347 ab
827 2315 885 2346 illa
910 2314 1007 2347 viam
1033 2312 1257 2355 purgandam
1283 2311 1394 2344 fuisse
1423 2309 1693 2351 interpretatur,
1724 2306 1820 2339 unde

238 2373 335 2404 recte
371 2372 516 2413 colligit,
553 2381 625 2404 non
662 2372 868 2413 singillatim
902 2379 1214 2413 unumquemque,
1253 2369 1317 2402 sed
1347 2369 1470 2410 plures
1501 2366 1715 2399 coniunctos
1750 2364 1820 2396 hoc

238 2430 421 2470 negotium
447 2429 663 2461 exercuisse.
705 2429 750 2461 At
774 2429 1109 2462 incommodissime
1125 2429 1195 2460 hoc
1213 2427 1420 2459 institutum
1437 2426 1542 2466 esset,
1568 2423 1599 2456 si
1623 2421 1819 2465 separatim

239 2486 285 2520 ab
310 2495 528 2528 unaquaque
553 2485 660 2518 domo
686 2487 895 2527 Pergameni
926 2486 1014 2518 illud
1046 2485 1276 2518 intervallum
1309 2482 1464 2515 dimensi
1488 2481 1619 2521 essent,
1652 2479 1821 2512 namvsic

238 2553 353 2587 paene
377 2544 414 2576 in
439 2543 599 2584 singulos
629 2543 709 2575 viae
740 2552 870 2584 passus
901 2552 945 2575 ex
978 2543 1057 2575 aliis
1089 2541 1298 2574 hominibus
1330 2538 1574 2581 compositum
1607 2538 1703 2569 esset
1731 2535 1820 2567 illud

240 2610 387 2644 corpus,
417 2602 479 2634 cui
510 2601 580 2634 hoc
612 2609 703 2633 onus
733 2601 990 2642 iniungeretur,
1024 2601 1074 2632 ita
1099 2602 1139 2631 ut
1164 2598 1396 2639 magistratus
1422 2596 1481 2628 vix
1513 2603 1555 2627 ac
1587 2603 1631 2627 ne
1655 2593 1718 2626 vix
1742 2592 1822 2634 qui-

241 2660 322 2693 dem
348 2668 415 2702 pro
441 2660 539 2691 certo
557 2658 651 2691 scire
676 2659 834 2700 possent,
859 2658 1007 2699 quinam
1026 2656 1218 2689 fundorum
1247 2654 1384 2687 domini
1406 2652 1641 2695 potissimum
1658 2658 1820 2692 unoqua-

242 2726 313 2760 que
337 2717 419 2749 loco
444 2717 523 2748 eius
549 2714 659 2748 officii
683 2715 878 2756 participes
904 2716 1033 2746 essent.
1083 2713 1201 2751 Quare
1226 2712 1279 2744 sic
1303 2711 1424 2752 potius
1443 2711 1574 2751 statuo,
1601 2716 1726 2741 omnes
1743 2707 1821 2739 vias

242 2774 407 2817 publicas
431 2774 468 2806 in
486 2775 603 2806 certas
621 2772 796 2804 denorum
814 2771 1015 2804 stadiorum
1039 2772 1161 2812 partes
1178 2767 1389 2801 distributas
1406 2767 1528 2809 fuisse,
1554 2774 1711 2808 quarum
1733 2773 1821 2796 una-

242 2841 409 2875 quaeque
433 2831 478 2864 ab
503 2830 674 2863 omnibus
691 2828 845 2870 civibus,
869 2837 1026 2870 quorum
1045 2828 1175 2860 domus
1192 2825 1364 2866 fundique
1387 2833 1466 2857 eam
1484 2823 1711 2864 attingerent,
1736 2829 1822 2853 con-

245 2891 366 2922 iuncta
391 2897 502 2931 opera
526 2887 787 2920 restitueretur.
