1858 3126
236 109 291 151 80
475 108 563 139 VIII.
601 107 747 149 Imperii
772 106 922 140 Romani
948 106 1158 147 provinciae
1183 106 1387 138 orientales.
1437 109 1467 138 4.
1493 106 1589 139 Asia.
1699 106 1824 147 [476-

352 243 422 287 καὶ
456 244 527 301 τὴν
560 242 689 301 βάΙσιν
726 244 772 286 ἐκ
809 245 878 285 τοῦ
918 243 1047 285 ἰδίουῦ
1076 241 1464 298 κατασκευάΙσαντος
1495 241 1713 298 Θεογένους
1743 240 1831 284 Με-

352 312 564 370 νά[ν]Ιδρου
595 315 664 355 τοῦ
697 311 944 369 Μενεμάχου
976 311 1418 368 ἀρχιΙπαραφύλακοςθ.

238 453 394 486 Bolanus
420 452 663 494 Waddington
697 461 730 484 n.
756 454 809 484 97.
852 451 958 484 Silius
989 451 1134 484 Italicus
1165 450 1411 491 Waddington
1436 459 1470 482 n.
1496 452 1550 482 98.
1593 450 1637 482 Μ.
1661 449 1828 482 Plancius

235 510 354 543 Varus
379 509 624 551 Waddington
649 518 682 542 n.
701 509 756 550 99)
782 510 960 551 occupata
985 509 1052 550 est,
1076 510 1118 540 ut
1143 509 1239 540 certe
1256 508 1438 549 integrum
1454 506 1652 540 triennium
1669 506 1828 540 Marcelli

237 568 466 609 magistratui
502 577 575 600 non
606 567 842 609 relinquatur.
892 566 996 604 Quod
1030 567 1156 598 contra
1189 566 1219 598 si
1253 574 1339 597 eum
1371 573 1456 597 cum
1480 564 1749 606 Waddingtono
1781 563 1828 597 ab

237 626 373 658 aestate
401 628 440 657 70
468 634 502 667 p.
522 625 602 658 Chr.
629 625 674 657 ad
699 624 796 657 idem
822 625 905 656 anni
932 626 972 656 73
1000 633 1035 666 p.
1053 623 1133 656 Chr.
1160 624 1306 665 tempus
1340 622 1567 664 provinciam
1592 622 1731 655 rexisse
1755 623 1829 654 sta-

237 685 396 725 tuemus,
423 683 521 715 nulla
547 682 739 715 difficultas
760 682 993 724 relinquetur.
1106 684 1123 713 5
1158 680 1376 722 Plerumque
1401 679 1548 722 quidem
1575 676 1616 712 ἐκ
1639 682 1707 712 τῶν
1734 676 1828 711 ἰδίων

237 740 381 782 dicitur,
422 740 486 773 sed
522 749 566 772 ne
597 740 790 782 singularis
821 739 969 781 quidem
1002 739 1143 770 numeri
1181 746 1272 771 usus
1308 738 1414 779 plane
1443 736 1630 770 inauditus
1662 737 1728 770 est.
1777 735 1828 769 Cf.

236 806 269 830 n.
289 800 367 840 583,
388 800 417 832 6.
456 800 533 840 704,
553 801 583 831 5.
622 800 698 840 740,
719 799 749 830 4.
791 797 913 829 Revue
939 797 1035 829 arch.
1062 795 1260 828 Troisieme
1285 798 1354 828 ser.
1378 794 1560 827 XXXVIII
1586 796 1668 827 4904
1706 802 1741 836 p.
1761 795 1825 826 307

236 864 270 887 n.
289 857 332 886 26
345 864 380 898 a,
400 857 430 888 4.
471 856 583 888 Inscr.
608 855 664 888 Gr.
691 855 758 887 Sic.
785 856 821 887 et
845 854 920 887 Ital.
946 856 1008 886 647
1038 854 1158 895 (Inscr.
1177 853 1234 885 Gr.
1253 853 1298 886 ad
1324 861 1382 885 res
1406 852 1507 885 Rom.
1535 853 1626 894 pert.
1644 851 1670 893 1,
1689 851 1777 894 469),
1796 854 1829 885 4.

236 912 347 944 Inscr.
372 912 429 944 Gr.
448 912 516 945 SIc.
542 913 578 944 et
602 913 642 944 It.
663 913 750 944 4664
779 911 898 952 (Inscr.
924 911 981 944 Gr.
1006 911 1050 943 ad
1076 919 1133 943 res
1160 910 1258 942 Rom.
1284 911 1374 951 pert.
1393 910 1418 950 Ι,
1436 908 1526 951 247),
1545 911 1600 941 43.
1640 909 1750 941 Inscr.
1769 909 1830 940 Gr·

237 969 282 1002 ad
306 978 365 1002 res
390 969 491 1002 Rom.
517 971 608 1012 pert.
627 969 673 1001 111
698 978 732 1011 p.
758 971 822 1000 230
850 978 883 1001 n.
904 970 981 1010 634,
1008 971 1038 1001 8.
1079 966 1457 1008 Lebas—Waddington
1482 967 1594 999 Inscr.
1611 966 1669 1008 111,
1687 967 1789 1008 2824,
1808 969 1827 998 5

239 1027 359 1067 (lnscr.
380 1027 437 1059 Gr.
457 1026 502 1059 ad
519 1035 576 1059 res
594 1026 694 1059 Rom.
714 1027 805 1068 pert.
823 1026 870 1057 111
895 1035 930 1068 p.
951 1028 1013 1057 364
1043 1035 1075 1058 n.
1095 1025 1183 1066 975).
1224 1024 1373 1059 Journal
1399 1023 1439 1056 of
1460 1023 1548 1056 Hell.
1567 1022 1661 1056 stud.
1679 1022 1713 1056 X
1739 1025 1828 1055 4889

236 1093 271 1126 p.
290 1087 333 1117 55
360 1093 393 1117 n.
414 1087 444 1126 6,
464 1087 494 1116 7.
535 1084 599 1116 XII
627 1086 710 1116 4894
741 1092 776 1125 p.
797 1086 862 1115 478
889 1092 922 1115 n.
941 1086 971 1125 8,
991 1085 1004 1115 4
1037 1082 1157 1123 (lusor.
1177 1082 1234 1114 Gr.
1261 1081 1305 1114 ad
1330 1089 1388 1114 res
1412 1081 1512 1114 Rom.
1532 1082 1624 1123 pert.
1641 1081 1687 1112 ΙΙΙ
1711 1088 1746 1122 p.
1764 1082 1827 1112 367

236 1150 271 1175 n.
295 1141 383 1182 992).
421 1150 455 1183 p.
475 1143 541 1174 484
567 1150 600 1174 n.
625 1144 680 1182 22,
709 1143 737 1173 3.
775 1149 810 1182 p.
830 1143 888 1173 494
920 1149 953 1172 n.
973 1141 1027 1182 44,
1047 1141 1077 1172 4.
1118 1139 1208 1171 Bull.
1235 1139 1279 1171 de
1303 1147 1396 1171 corr.
1414 1137 1501 1170 Heli.
1518 1137 1581 1170 VII
1600 1139 1687 1170 4883
1706 1146 1741 1180 p.
1761 1139 1828 1170 266

237 1208 270 1231 n.
287 1202 317 1240 6,
337 1202 367 1231 4.
382 1201 413 1230 2.
451 1198 545 1230 XVII
567 1201 654 1231 4893
674 1207 707 1240 p.
726 1201 742 1229 3
762 1207 795 1230 n.
811 1201 842 1240 6,
857 1199 887 1230 4.
921 1197 1054 1230 Archiv
1072 1196 1093 1229 f.
1107 1195 1471 1238 Papyrusforschung
1489 1196 1519 1227 11
1535 1204 1570 1237 p.
1587 1197 1652 1228 486
1673 1204 1707 1228 n.
1723 1197 1776 1236 32,
1796 1196 1826 1227 4.

237 1255 412 1288 Tebtunis
437 1256 569 1297 papyri
594 1256 607 1286 I
634 1264 668 1297 p.
689 1257 751 1288 455
780 1264 812 1287 n.
833 1258 911 1296 405,
931 1257 960 1287 3.
981 1257 1034 1286 49.
1154 1257 1172 1285 6
1203 1253 1252 1285 Cf.
1279 1263 1312 1285 n.
1334 1252 1430 1285 4859.

324 1425 408 1468 477
454 1429 608 1468 Titulus
640 1428 902 1480 Smyrnaeus.
954 1427 1025 1466 Ed.
1059 1438 1111 1466 ex
1142 1427 1311 1466 Cossoni
1341 1425 1502 1466 schedis
1533 1426 1620 1465 sine
1649 1426 1726 1465 loci
1755 1436 1829 1464 no-

237 1498 325 1537 titia
354 1498 438 1537 Jac.
462 1498 629 1537 Gronov
659 1498 775 1536 Mem.
801 1496 967 1536 Cosson.
999 1508 1039 1548 p.
1067 1496 1161 1546 444,
1187 1496 1252 1534 44.
1306 1495 1482 1546 Smyrna
1511 1494 1565 1534 ad
1588 1506 1632 1534 se
1657 1494 1828 1534 missum

238 1565 526 1619 apographum
565 1566 769 1618 expressit
807 1564 990 1617 Cuperus
1026 1564 1079 1603 ad
1115 1564 1370 1603 Lactantium
1409 1563 1459 1602 de
1497 1563 1699 1602 mortibus
1734 1574 1830 1615 per-

238 1638 472 1674 secutorum
501 1647 541 1687 p.
565 1634 643 1672 463
677 1634 738 1673 ed.
772 1634 937 1672 Bauldri
968 1631 1146 1686 (Boeckh
1179 1631 1217 1671 C.
1242 1633 1270 1671 I.
1295 1632 1340 1671 G.
1365 1630 1503 1683 3446).

352 1743 423 1789 Ἐκ
453 1749 522 1789 τοῦ
553 1746 813 1803 εἰσαχθέντος
844 1744 848 1801 Ι
879 1746 1049 1792 ὕδατος1
1078 1743 1143 1786 ἐπὶ
1178 1743 1243 1786 τὸν
1276 1743 1353 1785 Δία
1381 1742 1447 1786 τὸν
1477 1741 1731 1800 ΙἈκραῖονῖ,
1763 1742 1828 1786 ἐπὶ

310 1828 329 1859 5
359 1815 536 1858 Οὐλπίου
571 1816 575 1871 Ι
608 1814 812 1872 Τραϊανοῦ
850 1817 921 1857 τοῦ
961 1812 1232 1867 ἀνθυπάτουῧ,
1265 1813 1277 1869 ΙΙ
1307 1814 1348 1855 ἐν
1379 1813 1466 1861 ταῖς
1503 1813 1788 1870 στρατηγίαις4
1821 1813 1826 1867 Ι

355 1885 443 1932 ταῖς
475 1882 656 1940 Μάρκων
684 1880 858 1926 Ἰουνίων
893 1883 897 1939 Ι
931 1883 1020 1925 υἱοῦ
1049 1880 1118 1924 καὶ
1147 1881 1294 1938 πατρὸς
1329 1882 1333 1935 Ι
1364 1905 1586 1912 ---------

334 2013 489 2044 Litterae
514 2012 683 2053 volgares
708 2012 852 2053 praeter
877 2012 985 2043 ΘΠΣ.
1114 2012 1126 2041 4
1157 2008 1435 2051 Aquaeduotum
1460 2008 1572 2050 innui,
1597 2009 1661 2050 qui
1686 2008 1829 2045 Traiani

240 2069 506 2112 proconsulatu
530 2068 680 2101 effeetus
713 2068 865 2110 eiusque
898 2067 1048 2100 honoris
1080 2074 1189 2099 causa
1213 2075 1330 2109 aquae
1355 2063 1540 2099 Traianae
1566 2065 1610 2106 (n.
1637 2067 1715 2108 478,
1739 2068 1770 2097 4.
1796 2065 1828 2106 2)

241 2127 387 2160 nomine
412 2127 611 2159 exornatus
636 2126 693 2168 sit,
720 2127 880 2168 apparet.
930 2125 1113 2163 Quantum
1144 2123 1320 2156 momenti
1344 2123 1514 2156 habuerit
1544 2123 1581 2154 in
1614 2121 1762 2164 templis
1791 2122 1828 2153 et

241 2184 403 2217 delubris
429 2192 544 2225 aquae
568 2183 740 2225 limpidae
765 2191 854 2215 usus
879 2184 1009 2215 notum
1034 2183 1091 2214 est
1116 2181 1168 2223 (cf.
1193 2179 1297 2223 Syll.2
1313 2179 1438 2222 57910)‚
1472 2188 1584 2221 quare
1603 2188 1676 2212 non
1693 2179 1826 2211 mirum

240 2243 277 2275 in
303 2242 360 2274 dei
384 2241 618 2283 potissimum
643 2239 766 2272 fanum
792 2249 924 2282 aquam
950 2240 1143 2272 deductam
1168 2246 1258 2280 esse,
1284 2237 1349 2270 sed
1373 2238 1449 2270 sine
1474 2236 1585 2269 dubio
1610 2237 1661 2269 ita
1684 2236 1828 2269 Institu-

239 2301 320 2332 tum
357 2300 444 2340 erat,
480 2300 522 2330 ut
556 2298 664 2330 etiam
702 2298 801 2329 cives
834 2306 876 2329 ea
911 2297 965 2328 uti
1002 2296 1196 2328 commode
1232 2297 1392 2337 possent.
1442 2294 1750 2336 Praepositionem
1787 2291 1827 2325 ἐκ

240 2356 443 2389 Boeckhius
471 2355 525 2387 sic
550 2355 820 2396 interpretatur,
852 2356 892 2386 ut
923 2355 1012 2386 haec
1036 2353 1149 2386 verba
1177 2352 1319 2386 fistulae
1348 2352 1523 2394 inscripta
1553 2351 1663 2384 fuisse
1694 2351 1826 2391 sumat,

242 2422 336 2455 quae
353 2421 437 2445 cum
454 2413 595 2454 partem
613 2412 728 2444 totius
751 2411 999 2453 aquaeductus
1024 2410 1165 2452 efficiat,
1191 2411 1288 2443 recte
1313 2408 1353 2442 ἐκ
1376 2411 1436 2442 τοῦ
1462 2406 1681 2454 εἰσαχθέντος
1705 2404 1826 2443 ὕδατος

242 2479 322 2503 esse
347 2470 498 2502 dicatur.
539 2469 755 2501 Inusitatum
773 2477 858 2501 sane
875 2468 1018 2501 dicendi
1042 2476 1166 2509 genus,
1193 2467 1256 2500 sed
1274 2466 1464 2499 meliorem
1489 2465 1826 2507 interpretationem

242 2537 314 2561 non
339 2527 466 2567 vide03
491 2535 574 2559 nam
601 2527 663 2567 qui
688 2526 863 2558 latissime
887 2526 986 2567 patet
1008 2533 1108 2567 usus,
1133 2526 1174 2556 ut
1198 2524 1258 2557 illa
1282 2523 1552 2566 praepositione
1576 2521 1756 2554 indicetur
1780 2529 1825 2552 ex

241 2585 376 2628 quibus
400 2583 577 2617 reditibus
603 2584 788 2625 impensae
812 2583 848 2614 in
875 2591 968 2624 opus
994 2582 1140 2623 aliquod
1165 2581 1278 2613 factae
1303 2581 1385 2621 sint,
1410 2580 1441 2611 is
1466 2579 1537 2611 huc
1563 2587 1634 2611 non
1660 2578 1823 2620 quadrat.
1857 2583 1858 2588 ¹

242 2645 261 2675 2
295 2643 346 2675 De
364 2642 490 2674 ‘huius
526 2641 583 2674 dei
619 2640 716 2682 apud
748 2640 967 2681 Smyrnaeus
1003 2639 1115 2672 saeris
1146 2637 1347 2670 Boeckhius
1380 2637 1555 2678 provocat
1590 2636 1636 2668 ad
1665 2634 1825 2668 Eekhelii

241 2700 451 2734 Doctrinam
476 2706 713 2731 nummorum
736 2697 766 2728 11
791 2705 825 2738 p.
841 2698 917 2729 543.
944 2699 1021 2729 557.
1049 2698 1126 2728 564.
1244 2697 1262 2726 3
1296 2693 1435 2726 Traiani
1460 2693 1692 2735 imperatoris
1709 2693 1823 2734 pater.

242 2757 438 2791 Proconsul
466 2756 571 2789 Asiae
601 2754 669 2787 fuit
698 2763 790 2787 anno
824 2751 926 2797 79l80
952 2762 987 2795 p.
1013 2753 1106 2795 Chr.,
1139 2754 1180 2784 ut
1211 2752 1362 2793 apparet
1398 2759 1442 2782 ex
1473 2750 1580 2782 titulo
1613 2749 1823 2783 Laodicensi

242 2816 278 2849 C.
296 2817 320 2848 Ι.
340 2815 378 2848 G.
398 2815 534 2856 3935,’4
559 2810 831 2856 καθιερώσαντος
855 2807 1000 2854 Μάρκου
1026 2807 1177 2845 Οὐλπίου
1202 2806 1371 2854 Τραϊανοῦ
1399 2809 1459 2839 τοῦ
1484 2804 1692 2840 ἀνθυπάτου.
1731 2805 1823 2839 Nam

241 2881 357 2906 annus
394 2871 563 2905 definitur
599 2877 709 2903 versu
739 2871 751 2900 4
795 2867 860 2901 ubi
896 2867 1026 2909 legitur
1061 2863 1316 2910 [Αὐτοκράτορι]
1351 2862 1440 2908 Τίτῳ
1477 2859 1626 2907 Καίσαρι
1663 2859 1825 2907 Σεβαστῷ
