1858 3126
185 120 268 160 262
407 118 497 151 VIII.
533 118 681 161 Imperii
703 117 855 151 Romani
879 119 1088 161 provinciae
1113 119 1317 152 orientales.
1365 122 1396 153 5.
1422 119 1555 153 Cilicia.
1691 120 1770 163 [573

851 296 893 331 5.
928 294 1105 332 Cilicia.

273 397 359 442 573
401 401 555 441 Titulus
592 401 742 440 incisus
780 401 821 439 in
859 411 961 452 rupe
998 411 1129 453 prope
1164 401 1362 453 templum
1399 401 1450 440 de
1487 412 1568 454 quo
1599 401 1684 441 dixi
1719 402 1772 441 ad

183 482 222 509 n.
248 468 343 510 579.
403 470 465 508 Ex
504 472 662 522 ectypo,
703 469 812 521 quod
842 470 876 509 J.
900 469 971 508 Th.
996 469 1098 508 Bent
1135 469 1377 521 confecerat,
1419 470 1481 510 ed.
1513 470 1557 510 E.
1581 471 1624 510 L.
1647 470 1772 510 Hicks

182 539 350 577 Journal
381 538 428 578 of
454 538 553 578 Hell.
578 537 684 577 stud.
707 537 778 576 XII
809 535 840 591 (4
853 536 950 589 894)
979 550 1020 590 p.
1045 537 1127 576 233
1160 549 1198 576 n.
1225 537 1290 576 46.

290 650 436 703 ’Έὸοξε
466 657 550 703 τοῖς
580 656 779 713 ἑταίροις1
808 655 878 698 καὶ
908 656 1239 712 ΣαββαΙτισ-ταῖςῖ
1268 656 1367 698 θεοῦ
1396 655 1581 711 [εόν]οίαι
1610 656 1772 714 Σαββα-

274 819 429 851 Litterae
451 819 656 851 ΑΕΘΞΠΟ.
705 817 866 850 Titulum
886 818 1040 859 Augusti
1066 819 1183 850 aetate
1206 818 1334 860 utique
1358 826 1431 851 non
1457 818 1571 851 multo
1595 819 1772 852 recentio-

181 884 258 908 rem
284 875 522 918 probabiliter
546 875 683 908 iudicat
707 875 835 908 editor.
884 876 923 908 ln
948 884 1077 908 aversa
1102 875 1247 908 tabulae
1270 876 1374 918 parte
1407 875 1500 908 alius
1532 876 1661 909 similis
1693 875 1774 919 fuit,

181 933 245 966 sed
282 933 370 966 adeo
408 932 561 965 detrItus
597 934 653 965 est
687 934 729 965 ut
764 941 881 974 pauca
917 932 1026 965 modo
1063 932 1246 965 vocabula
1277 932 1321 974 (v.
1346 934 1421 966 not.
1448 932 1480 974 2)
1517 935 1771 975 agnoscantur.

182 993 194 1022 4
233 990 428 1023 Decretum
455 990 595 1031 collegii
621 998 809 1022 sacrorum
840 998 949 1022 causa
975 989 1165 1022 constituti
1195 989 1255 1022 hic
1284 989 1411 1022 haberi
1442 991 1627 1032 perspexit
1651 990 1771 1023 Hicks.

180 1048 225 1080 At
249 1047 424 1089 quidnam
454 1047 674 1079 discriminis
704 1047 799 1079 inter
829 1045 981 1091 ἑταίρους
1014 1049 1051 1079 et
1076 1044 1310 1091 Σαββατιστάς
1340 1047 1540 1081 intercedat
1570 1056 1688 1090 neque
1711 1049 1772 1081 ille

181 1104 268 1137 dicit
292 1113 409 1146 neque
434 1113 501 1146 pro
527 1106 627 1136 certo
653 1103 800 1136 definire
825 1103 918 1136 licet.
968 1103 1036 1136 Sed
1060 1103 1250 1146 probabile
1275 1105 1373 1137 certe
1397 1105 1462 1147 est,
1493 1105 1558 1147 qui
1588 1105 1770 1139 sodalitati

180 1163 378 1204 perpetuae
402 1163 438 1194 et
462 1162 572 1194 certis
596 1161 736 1203 legibus
754 1162 924 1194 astrictae
941 1161 1167 1204 interessent,
1193 1159 1344 1207 ἑταίρους
1367 1162 1568 1204 appellatos
1590 1171 1681 1205 esse,
1706 1163 1770 1205 qui

179 1220 325 1261 praeter
353 1227 416 1251 eos
440 1219 554 1250 sacris
578 1219 752 1251 interesse
777 1218 944 1260 solerent,
970 1226 1055 1250 cum
1079 1218 1150 1251 illis
1175 1214 1416 1262 Σαββατιστῶν
1441 1219 1588 1252 nomine
1605 1228 1769 1262 compre-

179 1276 324 1309 hensos.
373 1276 424 1308 De
449 1275 658 1308 discrimine
689 1277 784 1308 inter
816 1284 878 1308 eos
911 1276 974 1318 qui
999 1275 1137 1316 origine
1162 1275 1284 1308 Iudaei
1314 1276 1387 1309 sint
1415 1278 1453 1309 et
1481 1277 1686 1319 proselytas
1709 1277 1770 1310 hic

180 1335 241 1366 vix
266 1333 499 1375 cogitandum
526 1336 591 1366 est.
710 1335 730 1365 2
761 1334 801 1365 In
827 1341 955 1366 aversa
986 1333 1116 1375 lapidis
1141 1333 1294 1375 planicie
1321 1334 1365 1375 (v.
1391 1334 1512 1376 supra)
1540 1330 1769 1378 Σαμβατισταί

179 1391 319 1432 legitur.
373 1390 471 1429 Quae
496 1391 678 1433 scriptura
703 1389 860 1432 Hicksio,
892 1391 954 1432 qui
980 1391 1059 1422 veri
1089 1390 1317 1423 simillimum
1348 1390 1542 1433 existimat,
1576 1391 1768 1434 collegium

181 1457 283 1481 sacra
309 1449 441 1481 Iudaea
466 1448 601 1480 obiisse
626 1449 662 1480 et
686 1457 707 1480 a
732 1447 884 1480 sabbato
909 1456 1041 1480 nomen
1066 1448 1261 1489 accepisse,
1286 1449 1409 1480 tamen
1429 1448 1646 1490 scrupulum
1670 1449 1769 1483 haud

178 1506 296 1538 levem
329 1508 464 1538 movet.
520 1505 612 1538 Nam
644 1514 724 1538 eam
749 1505 946 1538 admonere
977 1505 1064 1537 dicit
1094 1506 1283 1538 nominum
1309 1506 1543 1547 propriorum
1570 1503 1770 1550 Σανβάτιος,

179 1560 364 1606 Σαμβάτις,
403 1559 605 1606 Σαμβατείς,
641 1571 734 1604 quae
773 1572 793 1595 a
825 1562 963 1595 Sabazii
1001 1561 1058 1594 dei
1094 1563 1242 1594 nomine
1280 1562 1499 1595 deriventur.
1549 1562 1627 1600 Qua
1656 1563 1693 1595 in
1729 1572 1768 1596 re

178 1621 320 1662 egregie
345 1620 490 1653 fallitur.
539 1621 655 1653 Immo
681 1620 769 1653 haec
795 1620 915 1653 omnia
941 1620 1088 1652 nomina
1118 1620 1205 1652 item
1232 1629 1251 1652 a
1276 1619 1430 1652 sabbato
1455 1620 1675 1653 ludaeorum
1707 1621 1768 1653 de·

178 1678 367 1720 scendunt,
404 1686 651 1711 consonarum
690 1675 732 1722 ββ
765 1679 801 1710 et
834 1676 881 1721 μβ
917 1676 1169 1710 vicissitudine
1205 1677 1419 1719 neutiquam
1456 1686 1547 1710 rara.
1595 1678 1768 1710 Similiter

179 1736 378 1778 prophetae
407 1744 539 1769 nomen
571 1732 770 1769 Habbakulc
802 1735 838 1767 in
870 1735 1004 1768 Graeca
1034 1735 1201 1767 versione
1225 1734 1366 1767 Veteris
1396 1734 1617 1768 Testamenti
1643 1730 1767 1779 Ἀμβα-

176 1792 269 1837 κούμ
293 1792 467 1826 scribitur
492 1793 546 1834 (cf.
572 1792 725 1825 Hermae
742 1792 787 1824 VI
813 1801 847 1834 p.
867 1794 932 1824 250
948 1792 1050 1834 sqq).
1093 1792 1191 1825 Idem
1217 1791 1291 1824 fere
1315 1791 1413 1825 cadit
1437 1792 1473 1824 in
1490 1792 1674 1834 Syriacam
1701 1800 1766 1833 op·

177 1850 252 1892 pidi
284 1850 519 1892 Hierapoleos
550 1850 831 1893 appellationem
862 1847 1040 1893 (Mabbuq,
1074 1846 1260 1893 Βαμβύκη)
1293 1851 1330 1881 et
1359 1849 1396 1882 in
1421 1858 1551 1882 nomen
1575 1849 1766 1891 proprium

176 1908 247 1939 viri
271 1907 354 1940 inde
372 1908 579 1940 derivatum
605 1904 842 1953 Μαββογαῖος,
867 1904 1096 1951 Μαμβογαῖος
1122 1906 1176 1949 (cf.
1202 1915 1235 1939 n.
1257 1905 1365 1948 4262),
1395 1903 1609 1951 Μαμμόγαῖς
1634 1915 1669 1939 n.
1688 1908 1766 1948 660,

179 1966 234 1996 22.
254 1966 307 1996 23.
357 1965 456 1997 Illius
480 1973 569 1997 vero
595 1965 736 2006 generis
762 1965 908 1997 nomina
933 1963 1103 1997 inferiore
1127 1965 1243 1996 aetate
1267 1963 1535 2005 perfrequentia
1565 1964 1651 1995 sunt
1679 1971 1765 1996 eum

177 2021 262 2053 alibi
286 2022 443 2063 (praeter
467 2022 633 2063 exempla
659 2022 794 2054 Hicksii
819 2021 862 2054 cf.
889 2018 1083 2064 Σαμβάτιος
1108 2021 1166 2053 vel
1188 2018 1374 2064 Σανβάτιος
1398 2019 1487 2052 Bull.
1505 2019 1549 2052 de
1566 2029 1659 2053 corr.
1677 2019 1764 2053 Heu.

175 2077 237 2109 Vll
263 2080 350 2110 4883
378 2087 412 2119 p.
431 2080 497 2110 238
523 2087 556 2110 n.
577 2081 607 2120 8,
627 2081 657 2110 4.
699 2075 873 2121 Σάνβατος
898 2078 934 2110 C.
959 2079 982 2110 Ι.
1008 2078 1046 2110 G.
1074 2078 1173 2118 4074,
1194 2080 1223 2110 4.
1263 2074 1495 2120 Σαμβαθεῖον,
1525 2077 1699 2110 sacellum
1722 2079 1765 2110 ut

176 2135 322 2168 videtur
352 2135 458 2176 quale
490 2134 525 2166 id
559 2134 622 2166 ubi
654 2135 713 2167 hic
737 2135 865 2167 titulus
899 2136 1026 2167 erutus
1058 2135 1123 2176 est,
1156 2134 1191 2166 C.
1210 2134 1235 2167 1.
1253 2134 1291 2166 G.
1312 2134 1461 2176 3509,4)
1497 2136 1576 2167 tum
1607 2143 1695 2167 vero
1727 2135 1764 2167 in

175 2193 352 2234 Aegypto,
377 2191 441 2224 ubi
460 2192 661 2233 permultos
679 2191 831 2224 Iudaeos
848 2191 1056 2224 consedisse
1081 2194 1116 2223 et
1140 2192 1287 2224 nomina
1305 2192 1474 2224 Semitica
1499 2191 1765 2234 perfrequentia

175 2258 255 2282 esse
281 2250 426 2282 constat
451 2246 659 2292 (Σαμβάτιος
685 2249 775 2281 Berl.
793 2258 843 2290 gr.
864 2248 941 2281 Urk.'
960 2249 974 2280 1
998 2257 1033 2291 p.
1053 2251 1117 2281 485
1142 2257 1175 2281 n.
1197 2251 1272 2291 494,
1292 2251 1322 2281 8.
1362 2246 1530 2292 Σεραπιὰς
1554 2247 1578 2293 ἡ
1595 2247 1653 2282 καὶ
1670 2245 1765 2292 Σαμ-

179 2305 306 2350 βαθοῦς
338 2306 425 2339 ibid.
457 2315 491 2348 p.
518 2308 583 2338 458
615 2315 648 2338 n.
674 2307 734 2338 444
754 2306 794 2348 ΙΙ,
820 2309 849 2338 6.
910 2302 1135 2349 Σαμβαθαῖος
1170 2315 1226 2348 ap.
1261 2307 1410 2349 Kenyon
1442 2306 1552 2340 Catal.
1583 2306 1622 2339 ot
1649 2306 1763 2339 Greek

176 2365 308 2407 papyri
338 2364 376 2396 in
409 2364 469 2396 the
501 2363 586 2396 Brit.
613 2372 707 2396 mus.
733 2364 762 2395 II
787 2372 821 2405 p.
841 2366 895 2406 40,
914 2363 957 2403 9).
1005 2363 1083 2396 Alia
1115 2364 1281 2406 exempla
1311 2364 1415 2396 affert
1447 2364 1482 2396 U.
1506 2363 1671 2397 Wilcken
1704 2363 1762 2397 Gr.

176 2421 328 2454 Ostraka
353 2421 367 2452 I
392 2429 428 2462 p.
447 2423 523 2453 523.
565 2420 698 2452 Archiv
723 2419 782 2452 fiir
798 2420 1194 2462 Papyrusforschungl
1222 2423 1306 2453 4900
1333 2429 1368 2463 p.
1385 2423 1459 2463 435,
1485 2421 1548 2462 qui
1573 2420 1651 2453 iure
1674 2420 1764 2453 haec

175 2478 308 2519 omnia,
339 2478 423 2509 utut
446 2478 541 2509 inter
566 2475 612 2521 μβ
638 2479 674 2509 et
700 2475 759 2521 ββ,
786 2478 879 2510 inter
903 2476 926 2510 θ
949 2479 986 2510 et
1009 2489 1046 2519 τ,
1073 2478 1166 2510 inter
1191 2488 1201 2510 ι
1226 2489 1256 2510 ει
1280 2489 1314 2510 αι
1338 2477 1545 2519 fluctuetur,
1577 2476 1622 2509 ad
1647 2485 1762 2509 unum

174 2535 346 2576 idemque
363 2543 496 2567 nomen
512 2534 728 2576 Hebraeum,
753 2534 940 2567 hominem
958 2543 1024 2576 per
1040 2534 1235 2567 sabbatum
1257 2536 1384 2567 natum
1401 2533 1617 2575 significans,
1642 2533 1760 2575 refert,

175 2593 371 2633 monetque
396 2591 433 2624 id
459 2600 590 2624 nomen
615 2591 725 2624 etiam
750 2592 786 2623 in
812 2594 933 2624 vetere
959 2592 1189 2625 Testamento
1217 2592 1329 2632 (Esdr.
1348 2594 1403 2633 40,
1424 2593 1474 2623 45.
1511 2589 1659 2623 Nehem.
1679 2593 1709 2632 8,
1729 2592 1759 2623 7.

176 2651 232 2692 44,
251 2649 305 2691 46)
330 2649 491 2691 itemque
516 2648 573 2681 bis
598 2650 634 2681 in
660 2649 778 2681 indice
810 2650 1039 2690 septuaginta
1063 2650 1303 2693 interpretu‘m
1333 2647 1431 2690 apud
1455 2648 1632 2680 Aristeam
1660 2643 1760 2690 (Σαβ-

177 2704 317 2750 βαταῖος
340 2706 361 2747 ξ
380 2707 421 2738 48
446 2715 481 2748 p.
501 2708 555 2748 46,
572 2708 623 2738 46.
655 2706 675 2746 ξ
695 2707 735 2738 49
762 2715 796 2748 p.
818 2709 868 2748 46,
888 2709 929 2738 48
948 2706 1099 2746 Wendl.)
1123 2705 1288 2738 inveniri.
1328 2704 1435 2737 Nulla
1458 2704 1569 2746 igitur
1592 2713 1637 2737 ex
1658 2706 1760 2746 parte

174 2763 328 2796 dubium
353 2765 420 2805 est,
453 2763 542 2805 quin
567 2762 769 2795 sodalitatis
800 2771 894 2805 quae
927 2763 1077 2796 sabbata
1110 2762 1316 2795 celebrabat
1346 2761 1533 2794 decretum
1559 2763 1758 2794 teneamus.

173 2820 313 2853 Nomen
338 2820 383 2854 ad
408 2820 617 2862 exemplum
641 2820 860 2853 Graecorum
887 2821 1008 2862 qualia
1033 2821 1119 2853 sunt
1143 2817 1334 2852 δεκαὸισταὶ
1366 2818 1420 2860 (cf.
1446 2818 1759 2861 Pauly-wissowa

172 2877 519 2920 Realencyklopadie
544 2877 600 2919 IV,
620 2879 638 2909 2
665 2886 699 2919 p.
718 2878 830 2920 2443),
855 2876 1015 2920 εἰκαδεῖς,
1040 2874 1318 2920 Παναθηναϊσταί
1342 2875 1541 2909 formatum
1567 2877 1632 2908 est.
