1858 3126
11 157 91 200 'lul
451 156 616 189 Honores
639 155 907 198 gymnasiarchi
932 156 1152 198 Pergameni.
1505 158 1589 200 513

125 315 367 324 ---------
395 290 653 348 παράδειγμα
671 291 875 348 παρέχων]
909 291 914 347 Ι
947 292 1281 349 δυσι-ῑττίβλητον22
1309 292 1479 349 ἑτέροις·
1510 295 1592 340 τοῖς

126 377 170 403 τε
211 357 291 417 γὰρ
329 361 669 417 μεταλαβοῦσινῖῑ
707 358 785 401 ἀπὸ
828 361 907 401 τῶν
948 359 991 401 ἐν
1026 361 1109 407 τοῖς
1146 358 1396 417 [Καβειρίοις
1429 361 1594 418 γενομέ-

126 444 205 471 νων
237 429 352 484 ἱερῶν
374 429 530 470 δεῖπνον
558 428 807 485 παρέσχενῖ*
825 426 895 470 καὶ
924 427 1007 475 τοῖς
1038 428 1378 484 ἀλειφομένοιςῖὖ]
1410 428 1416 484 1
1449 430 1490 470 ὲν
1520 432 1595 471 τῶι

127 498 204 539 τῶν
232 497 334 539 νέων
363 497 633 552 γυμνασίωιῖθ
660 495 731 539 καὶ
759 495 939 543 πολίταις
969 495 1039 538 καὶ
1076 496 1200 544 ξένοις
1235 496 1305 538 καὶ
1339 501 1408 552 τῆι
1440 497 1595 554 γε[ρου·

129 564 214 607 σίαι
242 564 312 606 καὶ
340 588 1089 596 ------------------------------
1120 566 1201 612 τοῖς
1231 564 1370 613 ἄλλοις
1400 564 1593 622 ἄρχουσιν

127 631 275 688 πᾶ]Ιοιν
318 631 388 675 καὶ
424 630 639 688 Ῥωμαίων
683 634 767 680 τοῖς
811 617 1074 687 ἐπιθυμοῦσιν
1124 632 1194 675 καὶ
1237 634 1319 680 τοῖς
1364 634 1595 690 ἐλευθέροις

128 700 324 743 παισίνῖΊ·
363 703 435 743 τοῦ
463 700 525 755 [δὲ
554 700 651 743 θεοῦ
684 701 884 757 βασιλέως
913 699 1096 756 Εὐμένου
1132 699 1201 743 καὶ
1230 704 1300 744 τοῦ
1337 702 1434 744 θεοῦ
1459 699 1596 744 Ἀττά-

58 779 103 811 20
127 770 248 811 λουῖθ
279 767 350 811 καὶ
382 771 453 811 τοῦ
488 768 809 826 Φιλεταίᾙιρουῖθ
843 771 911 812 τοῦ
948 769 1169 826 Εὐεργέτου
1204 768 1275 812 καὶ
1308 772 1379 812 τοῦ
1404 767 1596 812 Ἀττάλου

129 839 199 878 τοῦ
234 837 514 893 Φιλομήτορος
550 838 747 893 βασιλέως
778 835 1009 894 ἀγά[λματα
1040 837 1320 881 ἀνατιθέναιῧθ
1352 862 1596 869 ----------

0 1003 2 1006 v
107 965 152 994 Β
180 962 369 1005 Nusquam
398 962 485 996 alibi
508 963 601 996 hanc
624 971 756 996 vocem
780 963 848 1005 legi
874 963 1085 996 observavit
1109 963 1319 997 schroeder.
1447 967 1490 996 28
1523 964 1597 997 Hoc

15 1027 88 1053 non
110 1021 235 1062 potest
257 1028 330 1053 non
353 1019 399 1053 ad
416 1020 675 1062 mysteriorum
693 1028 796 1053 sacra
812 1020 948 1053 referri.
985 1020 1053 1059 Qui
1078 1029 1205 1053 eorum
1230 1022 1425 1063 participes
1442 1020 1597 1061 ruerunt,

16 1083 80 1110 eos
103 1076 150 1110 ad
173 1077 298 1119 epulas
322 1079 472 1110 vocatos
496 1085 576 1110 esse
606 1087 627 1109 a
650 1078 929 1119 gymnasiarcho
962 1077 1151 1110 indicatur.
1269 1079 1311 1109 st
1344 1078 1408 1110 ilic
1438 1078 1598 1120 aliquan·

14 1133 98 1166 tum
121 1133 380 1167 discedendum
397 1134 602 1176 existimavi
626 1143 646 1166 a
663 1134 874 1167 schroederi
896 1134 1171 1176 supplementis,
1196 1135 1260 1175 qui
1284 1134 1373 1166 nihil
1397 1134 1505 1167 habet
1530 1135 1599 1167 nisi

16 1188 87 1224 ἀπὸ
109 1193 177 1223 τῶν
210 1189 245 1223 ἐν
268 1192 342 1227 τοῖς
365 1191 376 1232 [
376 1207 503 1215 ······
526 1190 715 1235 γενομένων
747 1190 846 1233 ἱερῶν
878 1207 1050 1215 ········
1074 1189 1209 1224 δεῖπνον
1239 1189 1419 1236 παρέσχεν]
1446 1189 1453 1234 Ι
1480 1190 1514 1223 ἐν
1543 1191 1595 1234 τῷ

17 1250 86 1280 τῶν
109 1245 405 1292 νέων,γυμνασίῳ.
454 1247 522 1279 Sed
551 1248 784 1288 gymnasium
810 1248 982 1279 iuvenum
1013 1256 1085 1280 non
1110 1247 1231 1280 locum
1261 1255 1352 1288 esse,
1384 1247 1447 1279 ubi
1472 1247 1599 1289 epulae

19 1303 165 1337 habitae
186 1304 270 1345 sint,
295 1303 385 1336 mihi
408 1312 453 1336 ex
476 1305 653 1346 proximis
676 1303 736 1337 ui
759 1301 910 1340 πολίταις
932 1302 1122 1343 naletam:
1144 1302 1218 1336 κτλ.
1246 1312 1421 1346 apparere
1445 1303 1600 1337 videtur.

19 1358 112 1394 Nam
138 1361 168 1392 si
191 1360 454 1393 schroederum
478 1368 686 1402 sequemur,
716 1369 759 1393 ea
783 1361 986 1394 necessario
1010 1360 1055 1392 de
1079 1360 1250 1393 omnibus
1274 1360 1414 1394 civibus
1438 1362 1474 1393 et
1498 1369 1600 1403 pere-

18 1417 132 1461 grinis
155 1416 364 1460 accipienda
378 1419 495 1450 erunt.
531 1416 576 1450 At
590 1417 779 1459 quomodo
795 1418 848 1450 sic
864 1418 973 1450 etiam
991 1418 1145 1459 gerusia,
1170 1418 1414 1459 magistratus,
1439 1417 1601 1459 Romani,

19 1474 126 1516 pueri
148 1473 254 1506 liberi
276 1475 555 1506 commemorari
586 1476 752 1516 possunt,
783 1474 847 1516 qui
878 1476 999 1507 tamen
1029 1482 1156 1506 omnes
1186 1474 1245 1506 illa
1268 1474 1405 1506 civium
1438 1476 1475 1506 et
1499 1483 1603 1516 pere·

20 1530 209 1573 ‘tinorum
233 1530 379 1563 notione
402 1529 661 1563 continentur?
700 1530 746 1562 At
770 1531 806 1563 in
831 1539 913 1564 meo
930 1530 1184 1572 supplemento
1201 1530 1260 1563 illa
1283 1530 1342 1564 mi
1365 1528 1519 1567 πολίταις
1542 1530 1603 1563 καὶ

20 1583 127 1628 &vore
151 1585 356 1619 referuntur
379 1586 424 1619 ad
450 1587 615 1629 proxime
645 1587 834 1629 superiora
862 1582 1053 1629 ‘omnibus,
1086 1588 1311 1629 quicumque
1343 1588 1380 1620 in
1411 1588 1601 1629 gymnasio

20 1643 198 1678 iuvenum
225 1645 450 1685 exercentur,
486 1644 564 1676 sive
599 1644 699 1676 cives
737 1646 824 1677 sunt
862 1645 940 1676 sine
979 1639 1185 1686 peregrini’.
1339 1647 1383 1676 ξε
1417 1644 1602 1686 Supplevi.

0 1699 68 1747 {3⁸
99 1699 150 1733 ct.
174 1701 248 1733 not.
266 1703 298 1733 5.
423 1702 466 1732 27
497 1700 547 1732 Cf.
572 1702 646 1733 not.
665 1702 695 1733 t.
819 1703 862 1733 28
895 1701 1153 1743 supplementa
1188 1700 1401 1734 schroederi
1436 1701 1496 1734 hic
1530 1710 1603 1734 non

13 1755 70 1803 ,ψ
99 1757 200 1790 omni
230 1758 334 1798 parte
362 1758 461 1790 certa
490 1758 586 1790 sunt.
633 1756 725 1790 Nam
758 1757 853 1790 duos
884 1757 1032 1800 quidem
1067 1766 1168 1799 reges
1198 1760 1342 1799 praeter
1371 1757 1533 1790 Attalum
1558 1757 1603 1789 111

15 1814 258 1861 superstitem
281 1815 320 1846 et
341 1813 581 1846 Philetaerum
606 1814 730 1856 stirpis
754 1816 942 1847 auctorem
958 1815 1018 1847 hic
1034 1816 1343 1847 commemoratos
1360 1813 1481 1855 tuisse,
1508 1822 1542 1846 v.
1560 1815 1602 1845 47

18 1873 114 1910 &ero
139 1879 255 1904 unum
278 1869 399 1913 modo,
423 1872 575 1912 propter
598 1870 809 1903 lacunarum
826 1870 1006 1904 ambitum
1024 1879 1199 1912 perquam
1223 1869 1413 1912 probabile
1429 1872 1495 1902 est.
1535 1869 1604 1902 Sed

24 1933 143 1968 neque
164 1928 291 1960 utrum
313 1926 366 1959 illi
388 1927 452 1959 uni
475 1926 615 1959 Attalus
639 1936 684 1959 an
708 1926 888 1959 Eumenes
917 1935 1051 1959 nomen
1078 1927 1196 1968 fuerit,
1226 1934 1346 1968 neque
1374 1935 1448 1968 quo
1479 1925 1605 1959 ordine

25 1982 88 2031 hic
108 1983 169 2016 illa
191 1983 264 2016 duo
288 1983 436 2016 nomina
459 1991 499 2016 se
528 1984 737 2025 exceperint
759 1983 899 2016 definiri
929 1984 1022 2025 licet,
1046 1992 1141 2026 quae
1172 1992 1230 2016 res
1262 1985 1455 2025 propterea
1484 1983 1604 2024 magni

25 2041 209 2090 nomenti
224 2042 291 2083 est,
314 2041 401 2082 qnia
424 2041 456 2073 si
472 2040 686 2073 Schroederi
710 2041 802 2073 ratio
826 2042 924 2073 recte
948 2049 988 2073 se
1010 2040 1121 2073 habet
1140 2040 1280 2073 Attalus
1296 2041 1326 2072 11
1350 2039 1606 2082 Philadelphus

6 2096 168 2140 “iso—⁴
178 2099 220 2130 ³9
236 2106 269 2130 a.
285 2096 367 2129 Chr.
384 2097 441 2138 n.)‚
466 2098 523 2130 sin
538 2098 744 2130 contrarius
767 2097 834 2130 ruit
857 2097 958 2139 ordo,
982 2097 1124 2130 Attalus
1148 2098 1163 2129 Ι
1187 2098 1380 2138 (ΞΗ-497
1405 2106 1437 2130 a.
1454 2096 1537 2130 Chr.
1559 2097 1605 2136 n.)

0 2141 11 2193 [ἲ
26 2152 287 2194 intellegendus
310 2155 375 2186 est.
510 2156 554 2186 2⁹
583 2153 724 2186 Nomen
747 2154 950 2187 schroeder
972 2163 1018 2187 ex
1042 2163 1076 2186 v.
1097 2157 1149 2186 36.
1170 2156 1212 2186 39
1236 2154 1297 2186 hic
1319 2156 1356 2186 et
1379 2163 1414 2186 v.
1434 2155 1475 2185 4⁹1
1501 2161 1606 2195 repo-

9 2210 112 2251 ἱοιιίῑ,
137 2211 235 2242 recte
258 2210 335 2242 sine
358 2209 484 2252 dubio,
515 2211 579 2243 sed
603 2212 739 2243 erravit
761 2219 847 2244 cum
870 2211 960 2243 illud
983 2211 1030 2243 ad
1054 2211 1201 2243 tertium
1225 2210 1335 2243 Attali
1361 2211 1374 2242 1
1398 2212 1435 2242 et
1457 2209 1606 2252 Apollo-

10 2266 123 2307 tuidis
145 2265 260 2299 filium
284 2265 443 2298 referret.
482 2266 576 2299 Nam
599 2276 673 2308 quo
698 2270 805 2309 pacto
823 2267 994 2300 credibile
1018 2269 1084 2309 est,
1109 2268 1203 2309 regis
1226 2266 1334 2299 Attali
1352 2267 1398 2298 111
1422 2268 1607 2308 patruum,

20 2323 95 2371 'ui
125 2331 310 2364 nunquam
340 2324 553 2363 regnaverat
580 2325 616 2355 et
645 2325 725 2355 tum
754 2325 826 2356 iam
851 2324 992 2366 pridem
1025 2332 1241 2366 supremum
1265 2323 1363 2355 diem
1388 2321 1528 2354 obierat
1551 2321 1607 2362 (cs.

28 2379 68 2428 ᾖ.
81 2378 191 2421 295⁹),
209 2379 319 2411 tantis
335 2378 535 2411 honoribus
550 2378 719 2412 affectum
736 2389 758 2412 a
773 2381 1013 2422 Pergamenis,
1027 2389 1114 2413 cum
1131 2380 1251 2413 tratris
1267 2379 1406 2411 minimi
1423 2379 1608 2419 Athenaei,

27 2433 97 2486 {ni
118 2437 170 2470 illi
192 2437 319 2477 utique
344 2437 528 2477 superstes
553 2435 632 2476 fuit,
655 2438 831 2470 memoria
854 2438 959 2479 piane
983 2438 1125 2470 silentio
1152 2433 1404 2479 premeretur?
1443 2435 1490 2468 At
1512 2435 1608 2467 illius

27 2492 171 2536 „tiqui
186 2493 387 2534 Philetaeri,
411 2493 474 2534 qui
497 2492 722 2534 principatus
738 2493 1040 2535 Pergamenorum
1056 2496 1187 2527 auctor
1204 2493 1331 2535 fuerat,
1356 2501 1460 2525 sacra
1482 2493 1608 2524 etiam-

33 2542 114 2594 ᾖα
137 2550 312 2583 mansisse
337 2549 435 2581 nulla
458 2558 503 2581 ex
527 2551 631 2590 parte
654 2550 731 2581 veri
755 2549 930 2583 dissimile
953 2553 1020 2584 est.
1060 2550 1109 2583 Cf.
1134 2559 1167 2582 n.
1187 2553 1251 2582 748
1262 2550 1284 2581 ¹.
1333 2549 1451 2581 Etiam
1476 2549 1609 2581 articu-

35 2605 93 2651 ΙΞΙ
118 2606 276 2649 additus,
308 2606 374 2648 qui
405 2605 462 2638 his
492 2607 660 2638 servatus
692 2607 737 2646 (v.
757 2608 799 2638 36
828 2608 888 2639 τοῦ
918 2603 1154 2650 Φιλεταίρο[υ].
1201 2609 1243 2638 39
1274 2606 1326 2650 τῷ
1353 2616 1390 2637 τε
1421 2602 1609 2647 Φιλεταίρῳ

34 2661 96 2705 ιμὶ
114 2658 259 2708 Ἀττάλῳ
281 2663 333 2708 τῷ
355 2659 569 2707 Φιλομήτορι
593 2659 747 2705 βασιλεῖ),
772 2662 828 2694 bis
852 2662 1087 2695 suadentibus
1105 2663 1213 2705 spatii
1239 2660 1439 2694 rationibus
1464 2660 1611 2701 supple·

36 2719 99 2757 tuq
125 2721 181 2751 est
209 2720 255 2760 (v.
279 2722 332 2752 ⁴9.
357 2720 423 2762 ⁴7),
461 2719 577 2752 multo
604 2719 734 2751 melius
771 2719 807 2750 in
836 2719 933 2751 hunc
961 2728 1072 2760 quam
1107 2720 1145 2751 in
1175 2719 1278 2751 illum
1313 2716 1491 2758 quadrare
1522 2715 1611 2747 mihi

37 2773 191 2817 videtur.
322 2778 363 2808 30
394 2776 471 2809 Hoc
505 2776 675 2818 supplere
712 2775 823 2808 malui
858 2784 968 2817 quam
1004 2774 1221 2808 ἐπισιευάσαι
1256 2782 1341 2806 cum
1377 2771 1611 2804 Schroedero.

38 2829 131 2864 Ham
162 2830 199 2863 id
228 2833 365 2865 statuas
394 2834 615 2875 antiquiores
646 2832 745 2865 refici
777 2831 921 2874 indicat,
951 2840 1024 2873 qua
1056 2831 1101 2864 de
1130 2839 1169 2863 re
1192 2831 1223 2863 si
1254 2830 1314 2861 hic
1339 2827 1450 2860 verba
1473 2827 1610 2868 fierent,

40 2886 191 2920 articulo
213 2886 256 2920 τὰ
277 2885 459 2932 ἀγάλματα
481 2898 575 2931 opus
599 2891 705 2922 esset.

108 2951 388 2986 Dittenberger.
407 2953 532 2981 Orientis
551 2962 592 2989 gr.
612 2936 698 2982 inser.
732 2955 770 2982 11.
1294 2957 1335 2986 ³3
