1858 3126
207 120 290 160 622

350 258 539 289 Severus
563 255 819 288 Alexander.

207 323 469 369 Αὐτοκράτορος
493 321 638 370 Μάρκου
657 321 833 368 Αὐρηλίου
861 321 964 357 Σεου-

251 381 337 426 ήρου
363 377 578 427 Ἀλεξάνδρου
595 378 770 426 Εὐσεβοῦς
787 378 964 428 Εὐτυχοῦς

252 439 330 482 578,
359 445 387 472 1.
417 456 462 462 -—
493 436 528 472 ἐν
565 436 731 484 ἐπιδημίᾳ
761 437 843 473 θεοῦ
877 434 965 473 Ἀλε-

253 494 394 541 ξάνδρου
421 495 499 538 640,
521 503 537 528 5

261 588 495 631 Philippus
519 588 658 621 Arabs
684 597 779 621 cum
805 587 911 621 filio.

205 653 438 701 Αὐτοκράτορι
479 654 628 701 Καίσαρι
664 653 798 702 Μάρκῳ
834 653 963 701 Ἰουλίῳ

253 711 412 759 Φιλίππῳ
444 710 589 758 Εὐσεβεῖ
618 710 770 760 Εὐτυχεῖ
805 711 966 758 Σεβαστῷ

252 770 310 804 καὶ
335 768 469 818 Μάρκῳ
490 766 626 815 Ἰουλίῳ
652 768 811 816 Φιλίππῳ
840 769 964 817 ἐπιφα-

251 826 401 870 νεστάτῳ
442 824 595 872 Καίσαρι
631 827 708 871 519,
741 835 770 861 5.
811 847 856 852 —
896 832 963 862 τῶν

251 883 379 929 κυρίων
412 882 513 929 ἡμῶν
545 882 749 928 [Φιλίππων]
784 882 963 929 Σεβαστῶν

254 942 389 985 210,11

466 1012 703 1045 Gallienus

206 1077 291 1125 ὑπὲρ
323 1077 491 1125 σωτηρίας
526 1079 585 1114 καὶ
617 1078 716 1125 νίκης
750 1082 810 1113 τοῦ
847 1078 964 1125 κυρίου

251 1135 351 1181 ἡμῶν
385 1134 646 1182 Αὐτοκράτορος
679 1134 871 1182 Γαλλιηνοῦ
903 1134 965 1171 Σε-

252 1192 376 1237 βαστοῦ
408 1194 486 1237 614,
511 1201 541 1228 2.
588 1193 674 1240 ὑπὲρ
707 1192 877 1240 σωτηρίας
905 1196 966 1228 τοῦ

251 1250 369 1296 κυρίου
400 1250 502 1296 ἡμῶν
528 1250 789 1297 Αὐτοκράτορος
818 1249 965 1296 Γαλλιη-

252 1311 311 1342 νοῦ
323 1305 495 1354 Σεβαστοῦ
509 1309 587 1352 615,
601 1316 629 1342 1.
655 1306 847 1355 Γαλλιηνοῦ
858 1308 933 1352 717,
946 1315 964 1343 2

262 1407 569 1440 Diocletianus
594 1416 691 1440 cum
717 1407 912 1449 collegis.

206 1473 263 1508 τὸν
281 1473 465 1508 ὁσιώτατον
482 1473 727 1520 αὐτοκράτορα,
752 1475 809 1509 τὸν
827 1474 966 1510 πολιοῦ-

252 1542 316 1578 χον
340 1527 599 1576 Ἀλεξανδρείας,
633 1530 879 1577 Διοκλητιανὸν
908 1531 965 1566 τὸν

252 1587 412 1634 ἀνίκητον
439 1588 515 1631 718,
537 1596 565 1622 1.
608 1587 793 1636 Οὐαλέριον
819 1587 967 1634 Διοκλη-

251 1645 362 1679 τιανὸν
390 1643 559 1690 Σεβαστὸν
584 1645 641 1680 καὶ
663 1643 848 1691 Οὐαλέριον
867 1643 967 1680 Κων-

255 1702 404 1736 στάντιον
423 1703 500 1746 719,
522 1709 551 1736 1.
583 1701 754 1737 Δεσπόται
770 1702 870 1748 ἡμῶν
888 1701 968 1738 Διο·

252 1759 436 1807 κλητιανὸς
467 1757 681 1805 Μαξιμιανὸς
710 1758 876 1807 Σεβαστοὶ
910 1759 968 1794 καὶ

254 1814 508 1855 Κωνστάντειος
539 1817 598 1851 καὶ
629 1815 841 1863 Μαξιμιανὸς
878 1815 966 1853 Καί-

254 1885 352 1920 σαρες
378 1875 455 1918 769,
476 1881 504 1908 1.
546 1871 783 1913 Κωνστάντιος
806 1874 866 1909 καὶ
888 1872 966 1910 Μα-

254 1930 404 1976 ξιμιανὸς
436 1931 468 1965 οἱ
503 1931 762 1977 ἐπιφανέστατοι
797 1929 966 1980 Καίσαρες

255 1988 332 2031 612,
353 1995 369 2021 2

207 2079 544 2122 Constantinus,
564 2081 826 2113 Maximinus
844 2081 964 2123 Daia‚

482 2137 690 2170 Licinius.

204 2208 278 2243 τοῖς
303 2207 452 2249 σωτῆρσι
474 2207 534 2238 τοῦ
560 2203 754 2248 σύμπαντος
775 2194 966 2251 ἀνθρώπων

922 118 1071 151 Indices.

1311 258 1519 292 Iulianus.

1035 322 1188 369 Φλάβιον
1218 321 1390 360 Κλαύδιον
1411 322 1611 371 Ἰουλιανόν,
1641 327 1699 362 τὸν
1732 328 1792 373 μέ-

1080 393 1192 428 γιστον
1232 382 1290 416 καὶ
1335 381 1512 418 θειότατον
1557 383 1793 431 αὐτοκράτορα

1082 437 1277 486 Αὔγουστον
1303 441 1380 484 520,
1400 447 1417 474 6

1136 543 1491 587 Valentinianus,
1517 546 1693 588 Valens,

1289 602 1535 636 Gratianus.

1036 665 1092 702 ἐπὶ
1114 672 1177 712 τῆς
1203 668 1372 714 βασιλείας
1401 674 1469 704 τῶν
1495 670 1667 705 δεσποτῶν
1691 669 1793 716 ἡμῶν
1854 661 1858 700 ἷ

1082 723 1364 761 Οὐαλεντινιανοῦ
1408 727 1468 762 καὶ
1508 726 1698 767 Οὐάλεντος
1736 727 1795 763 καὶ

1081 780 1267 827 Γρατιανοῦ
1303 788 1370 817 τῶν
1407 783 1552 818 αἰωνίων
1589 783 1792 832 Αὐγούστων
1852 783 1858 808 <³

1080 840 1159 883 580,
1179 847 1208 873 1.
1249 839 1304 874 ἐπὶ
1328 844 1391 885 τῆς
1413 841 1682 887 πανευδαίμονος
1700 842 1794 887 βασι·
1853 860 1858 889 2

1080 895 1174 934 λείας
1197 901 1266 930 τῶν
1283 896 1393 932 πάντα
1409 899 1599 933 νεικώντων
1618 899 1792 934 δεσποτῶν
1852 892 1858 930 ῗ

1080 952 1181 998 ἡμῶν
1207 951 1488 990 Οὐαλεντινιανοῦ
1515 955 1574 990 καὶ
1603 954 1794 995 Οὐάλεντος
1852 966 1858 999 ἶ

1081 1010 1140 1045 καὶ
1164 1008 1361 1056 Γρατιανοῦ,
1391 1016 1459 1046 τῶν
1490 1011 1636 1048 αἰωνίων
1661 1011 1794 1062 Αὐγού-

1083 1079 1169 1102 στων
1196 1068 1274 1111 722,
1289 1074 1319 1102 2.
1357 1072 1417 1102 τοῦ
1435 1067 1610 1105 θειοτάτου
1629 1071 1795 1118 βασιλέως

1082 1124 1183 1170 ἡμῶν
1210 1123 1401 1164 Οὐάλεντος
1425 1126 1503 1170 722,
1523 1135 1539 1161 ’1

1049 1229 1390 1263 Valentinianus
1414 1231 1461 1273 ΙΙ,
1490 1230 1781 1275 Theodosius,
1838 1266 1840 1270 ,

1167 1287 1400 1331 Arcadius,
1425 1288 1655 1322 Honorius.
1786 1279 1795 1284 ,.

1035 1354 1116 1393 τοὺς
1146 1359 1211 1401 τῆς
1242 1351 1293 1401 ὑφ’
1318 1353 1419 1400 ἡλίου
1449 1359 1512 1402 γῆς
1544 1354 1796 1403 αὐτοκράτορας
1831 1350 1838 1374 ⁴³

1082 1412 1141 1446 καὶ
1186 1411 1437 1459 τροπαιούχους
1484 1411 1648 1451 δεσπότας
1693 1412 1798 1459 ἡμῶν
1828 1441 1831 1443 —

1084 1468 1374 1513 Οὐαλεντινιανόν,
1397 1468 1587 1514 Θεοδόσιον,
1610 1467 1795 1518 Ἀρκάδων,
1830 1506 1834 1508 s

1082 1526 1161 1564 τοὺς
1174 1525 1332 1564 αἰωνίους
1344 1525 1571 1572 Αὐγούστους,
1580 1527 1638 1561 καὶ
1644 1525 1795 1563 Φλαύιον

1083 1580 1248 1629 Ὁνώριον
1271 1583 1328 1617 τὸν
1353 1582 1618 1630 ἐπιφανέστατον
1642 1585 1720 1628 723,
1742 1593 1757 1619 1

1030 1688 1141 1739 ι’Υπὲρ
1161 1691 1328 1738 σωτηρίας
1347 1691 1465 1739 κυρίου
1478 1689 1651 1738 Καίσαρος
1669 1695 1748 1738 607,
1764 1702 1792 1730 3.

1082 1751 1132 1797 τῷ
1148 1750 1254 1797 κυρίῳ
1280 1747 1428 1797 Καίσαρι
1452 1750 1529 1794 511,
1549 1758 1578 1785 8.
1619 1750 1675 1785 ἐπὶ
1695 1763 1794 1799 πρεσ-

1086 1807 1159 1854 βείᾳ
1182 1808 1225 1854 τῇ
1245 1807 1329 1853 πρὸς
1350 1806 1431 1845 τοὺς
1448 1804 1623 1853 Καίσαρας
1648 1809 1725 1852 517,
1740 1814 1793 1843 20.
1842 1831 1845 1857 2

1086 1864 1127 1899 ἐκ
1150 1869 1217 1898 τῶν
1244 1863 1341 1910 ἱερῶν
1364 1867 1424 1899 τοῦ
1442 1861 1614 1912 Καίσαρος
1637 1865 1796 1911 γραμμά·
1832 1868 1844 1911 ,ἐ

1083 1934 1150 1956 των
1177 1923 1328 1965 502,13.
1369 1921 1410 1955 ἐκ
1440 1924 1500 1955 τοῦ
1533 1918 1705 1968 Καίσαρος
1737 1921 1796 1956 λό-
1834 1927 1836 1930 ’

1082 1991 1144 2024 γου
1170 1978 1247 2022 669,
1267 1986 1319 2013 30.
1359 1977 1477 2023 κυρίου
1501 1975 1674 2023 Καίσαρος
1698 1978 1795 2025 οὐὲρ-
1835 1987 1849 2013 τ’

1082 2047 1142 2073 νας
1178 2035 1254 2078 550,
1278 2042 1305 2068 1.
1356 2032 1528 2082 Καίσαρος
1564 2034 1795 2081 ἀπελεύθερος
1833 2048 1845 2070 ,ι-

1084 2093 1161 2135 629,
1181 2094 1234 2126 90.
1266 2091 1344 2134 665,
1365 2098 1417 2125 35.
1463 2090 1595 2126 ὑδάτων
1621 2089 1794 2139 Καίσαρος
1842 2083 1847 2114 '3

1084 2150 1161 2192 629,
1183 2155 1243 2182 115

255 2260 376 2300 ἔθνους
406 2260 465 2295 καὶ
499 2261 618 2307 γένους
652 2260 748 2300 θεοῖς
781 2260 967 2309 Σεβαστοῖς
1036 2257 1243 2303 πρεσβευτὴν
1270 2255 1440 2303 Σεβαστοῦ
1463 2258 1543 2301 486,
1562 2265 1592 2292 8.
1632 2258 1794 2304 πρεσβευ-
1824 2247 1828 2265 ³

256 2316 439 2364 Καίσαρσιν
472 2316 623 2365 Γαλερίῳ
649 2316 825 2366 Οὐαλερίῳ
858 2317 967 2359 Mait-

256 2374 363 2421 μείνῳ
396 2375 455 2409 καὶ
488 2373 628 2421 Φλαβίῳ
659 2374 834 2422 Οὐαλερίῳ
867 2373 966 2411 Κων-

255 2431 434 2478 σταντείνῳ
470 2432 528 2466 καὶ
564 2430 740 2479 Οὐαλερίῳ
769 2431 974 2477 Λικιννιανῷ

255 2488 415 2533 Λικιννίῳ
442 2489 518 2530 569,
541 2497 555 2523 1

210 2588 528 2621 Constantinus
545 2588 722 2630 Magnus
740 2596 834 2621 cum
857 2588 965 2621 filio.

207 2657 258 2702 τῷ
287 2654 516 2701 εὐσεβεστάτῳ
556 2654 689 2702 βασιλεῖ
717 2652 966 2701 Κωνσταντίνῳ

257 2713 333 2756 721,
350 2719 380 2746 8.
421 2711 477 2747 ἐπὶ
492 2710 630 2746 ὑπάτων
646 2717 714 2746 τῶν
727 2712 850 2759 κυρίων
866 2711 966 2758 ἡμῶν

256 2767 516 2804 Κωνσταντίνου
543 2768 760 2816 Αὐγ(ούστου)
791 2769 829 2804 τὸ
857 2760 890 2808 ς’
911 2769 969 2803 καὶ

257 2823 432 2860 Κλαυδίου
452 2823 709 2862 Κωνσταντίνου
732 2825 966 2873 εὐγενεστάτου

258 2880 440 2929 Καίσαρος,
464 2883 607 2918 αἰωνίων
626 2883 828 2931 Αὐγούστων
855 2884 932 2927 619,
950 2890 963 2916 1

1081 2314 1143 2359 τὴν
1185 2312 1356 2360 Σεβαστοῦ
1404 2313 1483 2357 (καὶ)
1530 2313 1793 2361 ἀντιστράτηγον

1083 2371 1161 2414 486,
1176 2378 1225 2404 11.
1253 2371 1371 2415 535‚4.
1397 2371 1516 2415 587‚o.
1532 2372 1650 2415 601‚4.
1673 2371 1792 2415 οταν.

1085 2426 1264 2472 ἐπίτροπος
1301 2429 1381 2471 (τοῦ)
1421 2426 1594 2474 Σεβαστοῦ
1636 2429 1712 2471 502,
1739 2435 1793 2462 11.

1084 2485 1162 2529 525,
1183 2492 1212 2519 6.
1250 2486 1330 2529 645,
1347 2492 1377 2520 2.
1415 2486 1492 2529 646,
1512 2493 1542 2520 3.
1593 2490 1661 2519 τῶν
1686 2482 1792 2531 Σεβα-

1085 2548 1171 2576 στῶν
1197 2543 1275 2586 499,
1293 2550 1325 2576 4.
1359 2543 1436 2586 501,
1457 2549 1486 2577 2.
1527 2542 1582 2577 ἐπὶ
1607 2540 1807 2590 βαλανείων

1083 2603 1142 2634 τοῦ
1174 2597 1345 2646 Σεβαστοῦ
1376 2600 1452 2642 714,
1474 2607 1502 2634 8.
1555 2597 1612 2633 ἐπὶ
1645 2597 1815 2646 συμβου-

1084 2656 1157 2691 λίου
1175 2660 1235 2691 τοῦ
1253 2655 1424 2702 Σεβαστοῦ
1450 2656 1527 2699 549,
1548 2663 1577 2689 8.
1621 2653 1791 2701 Σεβαστοῦ

1084 2712 1312 2759 ἀπελεύθερος
1338 2713 1457 2756 523,2.
1484 2713 1601 2755 526,1.
1640 2711 1679 2745 τὸ
1697 2709 1815 2759 lepdrf

1083 2783 1182 2805 τατον
1198 2774 1339 2815 ταμεῖον
1355 2774 1422 2803 τῶν
1443 2767 1623 2815 Σεβαστῶν
1645 2770 1722 2811 515,
1736 2774 1790 2802 44.
1814 2781 1816 2783 ’

1086 2826 1120 2860 ἐν
1152 2831 1227 2865 ταῖς
1259 2825 1471 2873 ἑορτασίμοις
1506 2831 1574 2860 τῶν
1611 2823 1790 2872 Σεβαστῶν
1818 2829 1823 2833 “

1083 2884 1230 2932 ἡμέραις
1278 2885 1355 2927 524,
1391 2891 1429 2918 8..
1499 2882 1678 2930 ἀρχιερεὺς
1723 2885 1858 2915 τῶν
