1858 3126
228 145 311 186 644

271 279 330 315 καὶ
365 278 474 314 ἱκεσία
510 279 588 322 569,
617 284 669 312 11.
732 276 889 324 ἐχέγγυοι
922 282 985 323 τῆς

273 337 421 382 δεήσεως
446 336 481 370 ἐν
506 335 637 373 τούτοις
663 334 740 378 519,
762 340 799 368 12

227 393 484 441 δειγματισμός”
508 392 552 427 τὰ
568 392 652 438 πρὸς
669 392 726 426 τὸν
745 391 983 438 δειγματισμδν

274 451 422 498 διάφορα
446 452 501 495 90,
522 457 562 484 30

226 508 398 554 δείκνυμι·
425 506 572 555 δείχθεις
588 505 869 554 χελληστυάρχας
886 506 941 549 78,
955 514 983 540 5.

272 566 305 601 οἱ
331 564 416 611 μετὰ
430 568 537 599 ταῦτα
553 562 763 608 δεικνύμενοι
784 563 983 610 (στρατηγοί)

272 625 350 667 267,
371 630 410 657 16

226 681 463 727 δειπνητήριον
489 680 567 723 671,
587 686 604 713 3

225 730 468 782 δεισιδαιμονία
491 737 570 780 455,
591 743 627 770 11

226 794 440 841 δεκαετηρίς·
478 794 512 828 ἐν
543 794 584 841 τῇ
612 792 839 841 εὐτυχεστάτῃ
873 791 983 828 αὐτῶν

273 854 350 895 (τῶν
378 851 572 898 Σεβαστῶν)
597 850 809 898 δεκαετηρίδι
833 851 911 894 722,
931 857 947 884 6

226 909 435 956 δεκάμηνος·
473 908 558 953 ὑπὲρ
593 910 654 942 τοῦ
690 907 854 951 ἐνιαυτοῦ,
891 907 984 946 ὅπως

272 967 398 1013 ἄγηται
422 966 615 1011 δεκάμηνος
639 965 716 1008 266,
736 973 752 999 5

226 1027 408 1073 δέκανδρος
433 1025 490 1060 ἐπὶ
511 1029 580 1058 τῶν
605 1023 867 1069 κληρονομικῶν
893 1021 985 1056 δικα-

273 1083 417 1131 στηρίων
459 1080 647 1124 (decemvir
689 1079 847 1115 stlitibus
886 1078 985 1114 iudi-

272 1140 412 1183 eamdis)
438 1140 516 1183 482,
537 1146 553 1172 3

226 1198 380 1233 δεκανία·
413 1194 594 1243 ἀφιερώθη
621 1194 639 1229 ὁ
664 1192 789 1241 πύργος
815 1193 901 1239 μετὰ
923 1197 986 1239 τῆς

273 1254 430 1292 δεκανίας
455 1254 534 1297 615,
554 1260 570 1287 3

226 1312 417 1348 δεκαπλοῦν
443 1311 521 1354 665,
540 1317 580 1345 28

227 1370 446 1418 δεκάπρωτος
462 1369 541 1412 528,
555 1375 587 1402 4.
605 1367 683 1411 621,
700 1375 729 1401 5.
770 1366 986 1411 δεκάπρωτοι

273 1428 351 1471 629,
373 1434 424 1460 1ο.
446 1433 485 1460 14

228 1484 372 1530 δεκάτη·
397 1483 486 1517 κατὰ
508 1482 565 1517 τὸν
591 1481 695 1526 νόμον
713 1480 823 1515 τελεῖν
841 1479 985 1525 δεκάτην

274 1543 328 1586 55,
350 1548 401 1575 17.
422 1547 461 1574 18

225 1599 420 1644 δεκατώνης
445 1597 500 1641 55,
521 1604 559 1631 19

226 1655 405 1700 δεκουρία·
438 1653 613 1688 ἐπίλεκτον
642 1653 763 1698 κριτὴν
796 1652 834 1686 ἐκ
857 1656 924 1686 τῶν
950 1651 986 1686 ἐν

269 1709 393 1760 Ῥώμῃ
419 1712 603 1758 δεκουριῶν
628 1711 706 1754 567,
728 1717 765 1744 11

226 1769 494 1817 δελτογράφημα
516 1769 595 1812 458,
615 1774 668 1802 62.
689 1775 728 1802 66

227 1827 365 1866 δέλτος·
384 1827 423 1861 ἐκ
434 1831 502 1861 τῶν
516 1825 688 1871 δημοσίων
702 1824 829 1859 δέλτων
842 1825 922 1868 453,
933 1830 986 1859 28.

271 1884 449 1920 ἀναθεῖναι
473 1882 612 1921 δέλτους
635 1881 658 1927 ἢ
685 1881 811 1928 στήλας
835 1882 914 1926 456,
934 1889 986 1916 11.

273 1942 308 1976 ἐν
331 1941 374 1990 τῇ
407 1940 500 1987 οἰκίᾳ
530 1940 634 1975 αὐτοῦ
668 1939 784 1974 δέλτον
809 1938 987 1974 ἀναθεῖναι

271 1998 331 2032 καὶ
356 1997 390 2031 ἐν
415 1999 465 2044 τῷ
487 1995 703 2042 Καπετωλίῳ
729 1995 845 2030 δέλτον
861 1995 885 2041 ἢ
908 1995 987 2042 στή-

272 2054 337 2100 λην
363 2056 441 2098 456,
458 2062 510 2089 51.
550 2053 669 2091 καθὼς
693 2053 751 2087 καὶ
768 2053 802 2086 ἐν
819 2050 986 2087 Καπετω-

270 2111 337 2157 λίῳ
364 2111 475 2145 δέλτοι
500 2111 712 2158 περιέχουσιν
738 2111 815 2153 603,
835 2117 851 2143 7

225 2168 390 2214 δεξαμενή
431 2168 516 2212 483,
551 2175 626 2202 196.
684 2166 861 2212 δεξαμεναί
906 2168 985 2211 483,

275 2233 351 2260 191.
371 2232 433 2259 207

226 2281 335 2322 δεξιά·
362 2281 379 2316 ὁ
396 2280 591 2320 ἀνθύπατος
614 2299 661 2307 -
685 2280 751 2315 ἀπὸ
768 2285 831 2327 τῆς
854 2280 983 2316 ἐκείνου

273 2342 342 2383 (τοῦ
383 2337 565 2384 Σεβαστοῦ)
606 2338 714 2378 δεξιᾶς
751 2339 810 2373 καὶ
845 2340 985 2386 γνώμης

272 2395 528 2441 ἀπεσταλμένος
553 2397 631 2440 458,
651 2404 692 2430 45

227 2451 418 2497 δεξιόομαι·
459 2452 677 2493 δεξιωθεῖσαν
716 2452 786 2498 τρὶς
824 2451 984 2497 ἐντείμως

273 2508 338 2544 ὑπὸ
362 2509 443 2544 θεοῦ
468 2508 660 2545 Ἀντωνίνου
686 2510 764 2552 513,
785 2516 823 2543 14

228 2567 352 2613 δέρμα·
373 2566 516 2601 ἑκάστου
534 2566 701 2612 δέρματος
719 2566 796 2611 629,
817 2573 869 2601 82.
902 2578 984 2613 πορ-

271 2623 380 2671 φύρας
425 2623 588 2670 μηλωτῆς
632 2622 776 2657 ἑκάστου
818 2622 984 2669 δέρματος

272 2682 350 2725 629,
370 2688 422 2716 32.
463 2680 614 2728 δέρματα
637 2680 716 2724 629,
735 2687 773 2715 81

226 2739 366 2784 δεσμός·
393 2738 451 2774 ἐὰν
475 2757 521 2763 —
544 2737 652 2785 φεύγῃ
683 2736 818 2782 δεσμῶν
842 2737 921 2780 218,
941 2743 982 2771 92

226 2796 386 2831 δέσποινα
410 2796 489 2839 648,
509 2802 526 2829 6

225 2852 409 2899 δεσπότης·
434 2852 483 2890 εἰς
505 2852 562 2887 τὸν
587 2851 754 2898 δεσπότην
778 2849 842 2886 Δία
866 2849 983 2897 ἀνίκη-

270 2922 328 2945 τον
353 2904 477 2945 (Ἥλιον
507 2908 586 2944 θεὸν
619 2908 740 2955 Αὖμον
773 2909 851 2952 619,
871 2916 902 2943 3.
951 2907 982 2942 οἱ

940 140 1091 174 Indices.

1100 277 1261 312 δεσπόται
1291 282 1359 312 τῶν
1387 277 1500 313 ἄλλων
1526 278 1635 315 ἐθνῶν
1660 281 1739 324 201,
1759 287 1813 317 19.

1099 340 1166 369 τῶν
1227 334 1337 370 πάντα
1393 338 1580 371 νεικώντων
1641 335 1811 372 δεσποτῶν

1101 392 1179 435 569,
1200 399 1252 426 14.
1283 392 1360 437 722,
1384 400 1414 428 3.
1464 393 1520 427 ἐπὶ
1546 397 1610 439 τῆς
1641 393 1812 439 βασιλείας

1100 454 1168 483 τῶν
1193 449 1364 484 δεσποτῶν
1395 449 1496 496 ἡμῶν
1531 449 1812 487 Οὐαλεντινιανοῦ

1100 506 1159 541 καὶ
1178 505 1368 546 Οὐάλεντος
1397 508 1457 542 καὶ
1476 506 1660 554 Γρατιανοῦ
1685 509 1762 553 580,
1782 515 1811 543 1.

1100 564 1180 602 τοὺς
1195 583 1243 590 -
1256 564 1504 613 τροπαιούχους
1518 565 1681 605 δεσπότας
1694 567 1771 610 723,
1782 573 1812 600 2.

1102 621 1263 656 δεσπόται
1287 622 1388 668 ἡμῶν
1414 623 1491 667 769,
1508 631 1524 658 1

1056 678 1227 725 δευτερεῖα
1250 679 1384 724 θέματα
1409 680 1486 724 339,
1507 687 1545 714 81

1056 736 1227 783 δεύτερος·
1252 738 1294 785 τῇ
1321 737 1476 784 δεύτερον
1501 737 1618 783 ἡμέρᾳ
1641 737 1719 781 299,
1739 744 1778 771 17

1055 793 1217 840 δέχομαι·
1258 793 1386 833 ξενῶνα
1418 794 1555 842 ἔχοντες
1595 793 1635 828 οὐ
1667 793 1813 829 δύνασθε

1100 850 1352 897 άνανκασθῆναι
1387 850 1546 891 δέξασθαι
1579 855 1656 890 ταῖς
1692 851 1813 890 οἰκίαις

1099 909 1179 947 τοὺς
1204 908 1318 948 ξένους
1343 910 1422 952 609,
1441 914 1481 942 26

1056 965 1141 1000 δέω·
1167 965 1225 1000 ἐὰν
1252 965 1288 999 δε
1309 964 1394 1014 δεθῇ
1418 965 1496 1009 218,
1516 971 1568 1000 92.
1611 964 1760 1000 δεδέσθω
1778 966 1812 1000 ἐν

1100 1023 1150 1069 τῷ
1173 1021 1262 1068 ξύλῳ
1287 1024 1366 1066 483,
1387 1030 1450 1057 180

1057 1079 1278 1128 δημαρχικῆς
1302 1078 1454 1120 ἐξουσίας
1487 1078 1700 1123 (tribwnioia
1716 1083 1814 1126 pote-

1101 1139 1200 1180 state)
1219 1138 1296 1181 379,
1312 1144 1341 1171 3.
1357 1145 1388 1171 8.
1405 1137 1483 1181 471,
1499 1144 1529 1171 ο.
1547 1138 1625 1182 506,
1641 1146 1671 1172 5.
1688 1138 1766 1182 575,
1783 1146 1812 1173 6.

1103 1195 1181 1239 583,
1201 1201 1231 1229 2.
1256 1195 1335 1237 624,
1353 1201 1385 1228 4.
1409 1195 1489 1238 701,
1509 1202 1524 1228 5
1851 1212 1858 1237 «ἶ

1056 1252 1235 1300 δήμαρχος
1283 1251 1463 1294 (tribuatus
1502 1250 1628 1296 plebis)
1670 1252 1747 1296 548,
1775 1259 1812 1289 ,6.
1855 1265 1858 1277 ¹

1103 1310 1180 1354 560,
1213 1317 1241 1345 3.
1292 1310 1524 1356 καταταγέντα
1559 1308 1606 1348 εἰς
1637 1309 1717 1348 τοὺς
1754 1309 1814 1356 δη·

1102 1367 1256 1414 μάρχους
1282 1365 1346 1401 ὑπὸ
1370 1365 1453 1402 θεοῦ
1476 1362 1646 1412 Ἀδριανοῦ
1671 1368 1748 1411 543,
1767 1374 1784 1402 8
1853 1359 1858 1412 Ξ

1057 1422 1273 1470 δημιουργίαι
1298 1425 1376 1468 578,
1401 1430 1439 1458 12
1851 1424 1858 1427 ’

1057 1480 1263 1528 δημιουργός
1289 1482 1365 1524 752,
1385 1487 1402 1515 2

1058 1537 1263 1584 δημοθοινία
1294 1538 1373 1581 533,
1397 1545 1427 1573 9.
1457 1545 1508 1572 14.
1535 1544 1587 1572 23.
1613 1544 1666 1572 27.
1685 1545 1738 1573 33.
1760 1546 1812 1573 36.
1857 1558 1858 1578 2

1105 1602 1158 1629 38.
1179 1602 1231 1629 39.
1249 1602 1304 1629 41.
1325 1602 1378 1629 51.
1398 1602 1451 1629 56.
1477 1601 1529 1629 60.
1554 1602 1606 1629 70.
1626 1601 1679 1629 74.
1698 1601 1752 1629 ⁷9.
1771 1602 1811 1629 84
1854 1585 1858 1639 Ξ

1058 1652 1354 1698 δημοκρατέομαι·
1385 1652 1488 1700 μέχρι
1515 1651 1615 1690 τέλος
1639 1651 1736 1698 δίκης
1759 1652 1814 1699 γέ·
1855 1641 1858 1695 Ξ

1103 1722 1201 1757 νηται
1225 1709 1558 1755 δημοκρατουμένων
1578 1706 1708 1744 Ἰλιέων
1733 1709 1812 1752 218,

1106 1774 1159 1803 91.
1190 1774 1243 1802 96.
1275 1774 1350 1802 101.
1403 1765 1723 1812 δημοκρατούμεναι
1759 1765 1814 1811 βε-

1105 1823 1209 1871 βαίως
1234 1825 1281 1867 (αἱ
1305 1823 1420 1862 πόλεις
1444 1823 1479 1858 αἱ
1502 1819 1616 1866 Ἰάδες)
1642 1824 1719 1867 222,
1740 1830 1779 1857 16

1058 1880 1270 1928 δημοκρατία
1299 1881 1377 1924 218,
1403 1888 1442 1916 20
1462 1891 1540 1924 sqq.
1572 1881 1650 1924 226,
1671 1888 1701 1915 7.
1734 1881 1812 1924 229,

1106 1946 1159 1973 11.
1178 1946 1231 1973 65.
1251 1945 1303 1972 67.
1335 1938 1413 1981 234,
1432 1943 1485 1971 21.
1511 1938 1589 1981 237,
1608 1943 1638 1971 2.
1680 1937 1812 1982 ἱέρειαν,

1104 1995 1156 2041 ἐφ’
1179 1995 1222 2040 ἧς
1247 1994 1264 2028 ὁ
1290 1994 1401 2039 δῆμος
1429 1993 1460 2036 (ὁ
1483 1992 1726 2039 Περγαμηνῶν)
1751 2005 1812 2028 κα-

1101 2051 1250 2096 τεστάθη
1274 2050 1323 2088 είς
1344 2050 1405 2096 τὴν
1423 2050 1561 2096 πάτριον
1581 2049 1812 2096 δημοκρατίαν

1103 2109 1179 2151 337,
1200 2116 1230 2142 5.
1275 2106 1521 2142 ἀποδεδωκότα
1547 2107 1593 2155 τῇ
1624 2106 1722 2142 πόλει
1749 2107 1810 2152 τὴν
1838 2119 1843 2147 3

1101 2163 1330 2212 δημοκρατίαν
1354 2163 1550 2199 ἀδούλωτον
1574 2165 1653 2209 449,
1673 2173 1702 2199 5.
1741 2163 1812 2200 Λυ-

1100 2222 1182 2257 κίων
1206 2223 1244 2256 τὸ
1269 2221 1394 2266 κοινόν,
1418 2221 1650 2267 κομισάμενον
1668 2221 1731 2268 τὴν
1747 2220 1812 2256 πά-

1099 2291 1189 2324 τριον
1215 2278 1448 2325 δημοκρατίαν
1475 2279 1552 2323 551,
1572 2285 1612 2312 21
1848 2320 1850 2322 ‚

1055 2337 1180 2384 δῆμος·
1209 2337 1238 2370 1.
1257 2335 1416 2381 populus
1425 2334 1584 2381 passm.
1623 2336 1655 2370 2.
1679 2333 1825 2370 divisio:

1095 2392 1235 2438 populi,
1266 2403 1402 2439 paqus:
1445 2393 1524 2430 τοὺς
1561 2392 1598 2426 δὲ
1632 2391 1823 2438 πρυτάνεις

1099 2451 1333 2499 καταχωρίσαι
1357 2450 1457 2485 αὐτὸν
1483 2450 1533 2488 εἰς
1555 2448 1665 2496 φυλὴν
1682 2447 1823 2484 Πτολε-4

1101 2507 1219 2554 μαιίδα
1230 2508 1289 2542 καὶ
1306 2508 1416 2554 δῆμον
1428 2506 1613 2553 Βερενικέα
1628 2507 1684 2550 49,
1699 2513 1753 2541 14.
1767 2513 1821 2544 15,

1055 2565 1234 2611 δημόσιος·
1270 2565 1298 2599 1.
1323 2563 1508 2600 adioetive:
1540 2562 1725 2609 δημοσίους
1755 2570 1820 2609 γε-’

1101 2622 1230 2670 ωργούς
1247 2622 1326 2665 669,
1339 2628 1391 2656 32.
1417 2621 1579 2667 δημόσιος
1597 2619 1718 2658 δοῦλος
1729 2619 1809 2664 484,

1102 2687 1155 2714 45.
1174 2687 1228 2713 49.
1269 2679 1304 2713 ἐν
1327 2681 1400 2715 τοῖς
1420 2677 1596 2723 δημοσίοις
1611 2671 1822 2724 γραμματοῆ

1101 2735 1280 2783 φυλακίοις
1305 2736 1381 2778 669,
1400 2740 1452 2768 23.
1494 2734 1528 2768 ἐν
1545 2737 1618 2772 τοῖς
1636 2732 1809 2779 δημοσίοις

1100 2793 1290 2840 πράγμασιν
1307 2792 1384 2835 669,
1401 2797 1454 2825 22.
1486 2795 1554 2827 τῶν
1572 2789 1807 2836 προσωφειλη-

1098 2850 1208 2885 κότων
1246 2850 1295 2896 τῷ
1327 2847 1480 2894 δημοσίῳ
1518 2847 1610 2894 λόγῳ
1646 2848 1724 2892 669,
1753 2853 1815 2881 21.

1098 2907 1198 2955 κοινῇ
1231 2905 1338 2953 βουλῇ
1372 2904 1521 2951 δημοσίᾳ
1553 2903 1721 2950 ἑκατέρων
1751 2900 1857 2953 8⁹¹va
