1858 3126
158 77 238 116 144
395 77 479 110 VIII,
516 77 662 119 Imperii
686 77 837 112 Romani
862 80 1072 122 provinciae
1097 82 1298 116 orientales.
1347 86 1377 116 4.
1401 83 1494 117 Asia.
1602 85 1728 128 [503—

155 135 1726 150 Ἣ

326 214 616 271 [Ψήφισ]μα
647 214 695 257 τὸ
727 217 988 272 γενόμενον
1021 218 1108 260 ὑπὸ
1139 222 1227 261 τῶν
1261 219 1626 277 Πανελλήνωνῖ.
1662 221 1666 278 Ι

265 291 439 351 [Ἐπειδὴ
473 294 686 351 Μάγνητες
726 297 778 351 οἱ]
816 296 913 354 πρὸς
953 304 1008 354 τῷ
1047 291 1276 356 Μαιάνὸρῴ
1307 307 1488 358 ποταμῷ,
1527 302 1686 345 ἄποικοι
1719 304 1724 360 Ι

216 374 236 407 5
265 364 387 417 [ὄντες
419 362 658 420 Μαγνήτων]
699 368 776 407 τῶν
816 367 856 408 ἐν
895 365 1098 424 Θεσσαλίᾳ
1110 370 1138 422 3,
1178 372 1328 425 πρῶτοι
1350 368 1552 427 Ἑλλήνων
1583 370 1595 428 ΙΙ
1625 372 1727 428 [δια-

267 430 409 489 βάντες
439 434 510 488 εἰ]ς
540 433 610 490 τὴν
627 431 761 477 Ἀσίαν
783 434 850 477 καὶ
872 438 1193 492 κατοικήσαντες,
1227 437 1621 496 συναΙ[γωνισάμενοι
1643 440 1724 495 δὲ4]

264 500 459 549 πολλάκις
486 497 601 545 Ἴωσι
642 503 710 545 καὶ
741 505 939 560 Δωριεῦσι
975 506 1043 547 καὶ
1083 507 1162 553 τοῖς
1202 506 1272 563 ἐΙ[κ
1308 511 1378 550 τοῦ
1415 509 1538 551 αὐτοῦ
1572 509 1724 565 γ]ε’νους

263 569 454 613 Αἰολεῦσι
467 574 493 625 ⁵,
532 573 765 628 τιμηθέντες
801 571 869 615 καὶ
899 573 972 615 ὑπὸ
1007 573 1012 631 Ι
1044 575 1128 629 [τοῦ
1160 577 1289 631 δήμου
1319 579 1388 618 τοῦ
1410 573 1640 633 Ῥωμ]αίων
1674 576 1719 620 δι’

267 640 313 686 ἃς
345 642 584 696 ἐποιήσαντο
617 642 904 699 συμμα][χίας6
933 642 1031 699 πρὸς
1063 643 1180 686 αὐτὸν
1214 643 1280 686 καὶ
1308 645 1483 702 δ]ωρεῶν
1515 647 1723 703 ἐξαιρέτων

241 780 260 810 2
291 779 342 811 De
359 780 632 813 Panhellenibus
657 780 699 813 cf.
725 791 758 814 n.
778 781 875 814 5041.
916 782 1108 814 Decretum
1135 783 1178 815 de
1202 784 1417 826 recipiendis
1439 785 1663 827 Magnetibus
1688 787 1724 819 in

147 835 291 868 illorum
318 838 527 870 societatem
552 838 662 871 fuisse
687 848 800 881 eaque
825 839 868 871 de
892 848 1002 872 causa
1027 841 1147 873 omnia
1173 840 1301 884 afferri,
1331 851 1424 884 quae
1447 843 1629 884 Magnetas
1653 845 1724 876 ori-

147 893 226 934 gine
252 894 406 928 Graecos
431 895 543 928 fuisse
568 898 604 928 et
628 904 774 938 semper
790 898 965 930 mansisse
983 898 1282 941 demonstrarent,
1307 900 1492 942 perspexit
1508 900 1723 934 Boeckhius.

147 954 165 981 3
200 952 380 993 Magnetas
397 953 442 985 ad
459 954 690 986 Maeandrum
708 954 904 987 incolentes
921 964 940 987 e
957 956 1102 996 regione
1119 956 1297 998 Magnesia
1321 957 1366 990 ad
1383 957 1508 990 Ossam
1533 960 1570 991 et
1585 958 1722 991 Pelium

148 1011 287 1042 montes
313 1011 381 1043 sita
405 1011 601 1052 emigrasse
626 1012 831 1053 complures
857 1013 1055 1054 scriptores
1080 1013 1218 1055 antiqui
1248 1015 1436 1057 testantur,
1469 1017 1553 1048 utut
1585 1015 1629 1048 de
1652 1017 1725 1049 sin-

146 1066 239 1108 gulis
256 1066 366 1100 rebus
383 1076 514 1100 eorum
531 1069 709 1101 memoria
726 1069 917 1111 discrepat.
970 1070 1018 1102 Cf.
1044 1070 1172 1103 Strabo
1194 1071 1284 1113 XIV,
1303 1074 1334 1113 4,
1354 1074 1390 1104 44
1421 1081 1454 1114 p.
1475 1075 1550 1105 636.
1598 1073 1722 1107 Conon

146 1133 239 1157 narr.
259 1127 312 1156 29.
354 1125 487 1158 Plinius
513 1125 553 1158 N.
571 1126 653 1159 hist.
669 1126 709 1168 V,
729 1128 806 1168 444,
831 1135 924 1168 quos
950 1127 1049 1160 locos
1074 1127 1178 1160 affert
1194 1128 1345 1162 Boeckh.
1387 1128 1490 1168 Quod
1513 1129 1722 1163 Aristoteles

146 1183 209 1214 aut
233 1182 501 1224 Theophrastus
528 1192 582 1225 ap.
608 1184 832 1216 Athenaeum
851 1184 906 1226 IV,
927 1187 1021 1217 l73e
1054 1194 1115 1218 eos
1140 1186 1363 1228 Delphorum
1387 1187 1534 1220 colonos
1559 1187 1656 1230 dicit,
1685 1188 1722 1220 id

146 1248 230 1272 cum
262 1240 465 1273 Thessalica
490 1242 626 1282 origine
658 1251 731 1274 non
762 1250 923 1284 pugnare
955 1242 1060 1275 docet
1092 1243 1219 1276 Strabo
1250 1243 1341 1286 XIV,
1367 1246 1398 1286 4,
1421 1245 1462 1276 40
1495 1253 1529 1287 p.
1554 1246 1619 1278 647
1644 1245 1721 1278 Cas.

147 1296 283 1330 δοκοῦσι
308 1293 331 1330 δ’
353 1297 439 1331 εἶναι
462 1295 642 1343 Μάγνητες
667 1296 808 1344 Δελφῶν
833 1298 1007 1344 ἀπόγονοι,
1038 1304 1105 1334 τῶν
1138 1299 1394 1345 ἐποικησάντων
1426 1300 1468 1334 τὰ
1492 1299 1626 1346 Δίδυμα
1658 1302 1720 1348 ὄρη

145 1354 178 1387 ἐν
206 1352 380 1400 Θετταλίᾳ.
507 1358 523 1388 4
557 1357 757 1389 Boeckhius
790 1358 985 1399 scripserat
1016 1357 1281 1403 κατοικήσαντες
1315 1357 1372 1391 σὺν
1405 1356 1545 1403 ἀῚ[λλοις
1561 1356 1722 1405 ’Έλλησι]

144 1410 321 1449 πολλάκις.
370 1413 437 1445 Sed
462 1415 529 1446 etsi
554 1414 696 1446 fabulae
720 1424 804 1447 sane
838 1415 1042 1457 narrabant,
1083 1416 1163 1449 illos
1195 1416 1400 1458 Magnetum
1431 1417 1721 1450 Thessalicorum

142 1471 292 1503 colonos
319 1471 400 1513 plus
426 1472 537 1503 semel
561 1472 786 1504 domicilium
811 1474 983 1514 mutasse,
1008 1475 1128 1506 tamen
1153 1482 1214 1506 eos
1241 1482 1378 1516 saepe
1403 1483 1487 1506 cum
1513 1475 1591 1508 aliis
1615 1475 1721 1508 Grae-

144 1529 195 1561 cis
221 1529 351 1561 eodem
375 1530 456 1562 loco
483 1529 667 1562 habitasse
691 1531 811 1562 minus
836 1532 919 1572 apte
937 1530 1083 1572 dicitur;
1110 1531 1210 1572 quod
1227 1533 1351 1563 contra
1376 1531 1533 1574 perbene
1558 1541 1596 1565 se
1613 1533 1722 1566 habet

144 1586 262 1618 Kernii
289 1587 581 1629 supplementum
615 1586 956 1632 συνα[γωνισσὶμενοι],
997 1588 1056 1620 cui
1082 1589 1201 1620 tamen
1235 1588 1354 1621 addidi
1386 1587 1438 1631 δέ,
1474 1591 1516 1622 ut
1545 1591 1720 1623 enuntiati

142 1644 325 1676 structura
350 1645 559 1677 concinnior
582 1644 692 1676 fieret.
734 1644 821 1686 Hoc,
853 1644 951 1686 quod
975 1653 1037 1677 eos
1063 1653 1170 1687 saepe
1195 1646 1305 1678 armis
1330 1645 1512 1679 adiuvisse
1536 1647 1720 1689 praedica-

142 1703 202 1734 tur
227 1703 350 1743 gentes
375 1703 452 1735 sine
477 1703 725 1735 controversia
743 1702 906 1743 Graecas,
931 1702 1052 1744 ipsum
1070 1711 1216 1744 quoque
1240 1704 1380 1744 spectat
1396 1703 1440 1736 ad
1461 1704 1719 1737 commendan-

143 1759 225 1792 dam
250 1760 473 1801 rogationem
508 1760 552 1792 de
576 1760 723 1792 civitate
753 1761 789 1792 in
820 1760 1029 1792 societatem
1054 1760 1309 1792 Panhellenum
1341 1761 1555 1803 recipienda.
1604 1762 1717 1804 Ionas,

142 1818 343 1859 Dorienses,
375 1818 566 1851 Aeolenses
598 1818 634 1850 in
658 1817 763 1850 Asiae
793 1826 857 1850 ora
889 1817 1099 1850 occidentali
1131 1817 1333 1850 habitantes
1364 1818 1424 1850 hic
1452 1818 1630 1860 designari
1655 1819 1718 1852 vix

141 1877 197 1907 est
220 1876 318 1917 quod
343 1885 522 1908 moneam.
564 1876 603 1908 In
626 1876 776 1908 Doricae
793 1875 907 1916 gentis
924 1875 1106 1908 mentione
1124 1875 1324 1908 Boeckhius
1349 1875 1392 1907 de
1410 1875 1513 1908 Creta
1535 1877 1717 1919 cogitavit,

142 1933 206 1965 sed
229 1933 300 1965 hoc
325 1942 407 1965 cum
434 1934 511 1965 eius
542 1933 795 1975 supplemento
827 1933 946 1964 minus
979 1931 1159 1974 probabili
1190 1932 1367 1965 cohaeret.
1486 1935 1504 1965 5
1536 1933 1717 1975 Magnetas

140 1990 332 2022 Aeolenses
349 1999 428 2023 esse
445 1992 480 2022 et
497 1990 625 2023 Strabo
643 1990 750 2022 refert
775 1989 876 2031 (XIV,
895 1992 926 2031 4,
946 1991 985 2022 39
1011 1997 1044 2031 p.
1066 1990 1129 2021 647
1149 1989 1225 2022 Cas.
1250 1986 1443 2035 Μαγνησία,
1470 1988 1565 2027 πόλις
1585 1987 1719 2033 Αἰολίς,

139 2046 309 2091 λεγομένη
336 2045 373 2079 δὲ
398 2046 453 2080 ἐπὶ
477 2044 675 2091 Μαιάνδρῳ)
708 2049 745 2079 et
769 2055 894 2079 omnes
919 2048 1077 2079 statuere
1106 2046 1284 2079 debebant
1307 2047 1371 2088 qui
1395 2048 1509 2079 totam
1535 2048 1716 2080 nationem

141 2105 360 2138 Graecorum
384 2106 420 2138 in
446 2107 519 2137 tres
550 2106 672 2146 gentes
695 2104 746 2136 ita
771 2104 982 2146 dividerent,
1009 2105 1048 2136 ut
1073 2104 1247 2146 quicquid
1271 2113 1388 2146 neque
1412 2104 1576 2137 Ionicum
1600 2114 1718 2148 neque

139 2164 309 2196 Doricum
347 2164 443 2195 esset
477 2162 708 2194 Aeolensium
743 2162 887 2194 nomine
925 2161 1279 2203 comprehenderent.
1335 2161 1433 2199 Quae
1466 2162 1588 2204 opinio
1624 2164 1666 2194 ut
1695 2171 1716 2195 a

139 2221 291 2253 veritate
316 2220 497 2261 abhorret,
531 2220 581 2252 ita
606 2219 772 2251 inferiore
797 2220 912 2251 aetate
938 2219 1112 2251 latissime
1136 2220 1332 2260 propagata
1357 2220 1444 2261 erat,
1477 2220 1519 2252 ut
1553 2228 1624 2252 non
1649 2220 1716 2251 mi-

139 2278 230 2310 reris
254 2278 351 2310 hunc
374 2286 519 2319 quoque
544 2277 691 2308 tltulum
718 2284 796 2309 eam
823 2277 935 2318 sequi.
1063 2280 1080 2308 6
1113 2276 1164 2308 De
1188 2276 1355 2309 Antiochi
1379 2277 1495 2318 Magni
1520 2278 1556 2309 et
1579 2277 1715 2309 Mithri-

139 2335 233 2368 datis
262 2334 365 2367 bellis
398 2335 487 2367 haec
518 2334 691 2375 intellegit
722 2333 874 2375 Boeckh,
907 2334 944 2365 in
976 2333 1110 2375 quibus
1135 2333 1315 2366 Romanos
1347 2342 1368 2366 a
1397 2333 1622 2375 Magnetibus
1652 2333 1714 2366 ad-

138 2394 234 2425 iutos
259 2401 339 2425 esse
362 2401 433 2425 non
459 2391 698 2434 improbabile
723 2391 869 2433 quidem
895 2392 952 2433 sit,
983 2391 1050 2423 etsi
1076 2399 1161 2423 sane
1185 2400 1256 2423 non
1285 2390 1458 2423 tradatur.
1505 2390 1595 2423 Nam
1619 2399 1715 2432 quae

138 2452 174 2484 in
199 2451 290 2483 Livii
314 2450 486 2482 Periocha
510 2449 653 2482 LXXXI
678 2451 714 2481 et
737 2449 833 2491 apud
857 2449 1061 2491 Appianum
1078 2449 1194 2482 Mithr.
1213 2451 1267 2481 24.
1287 2451 1322 2481 64
1355 2449 1398 2481 de
1421 2449 1624 2490 Magnetum
1649 2457 1714 2491 per

137 2508 273 2541 bellum
289 2507 571 2540 Mithridaticum
597 2507 706 2539 rebus
724 2508 859 2548 scripta
883 2508 977 2548 sunt,
1002 2506 1047 2539 ad
1069 2507 1286 2548 Magnesiam
1304 2506 1509 2547 Sipylenam
1527 2505 1713 2538 referenda

138 2567 288 2608 propter
312 2565 525 2598 Strabonem
542 2564 632 2606 XIII,
652 2566 682 2606 3,
702 2567 719 2596 5
746 2573 779 2605 p.
800 2566 857 2596 624
883 2564 918 2596 C.
944 2565 979 2596 et
1005 2564 1214 2596 Pausaniam
1234 2564 1258 2603 Ι,
1277 2565 1331 2605 20,
1350 2565 1382 2595 5.
1421 2562 1526 2604 Apud
1548 2562 1711 2595 Tacitum

137 2626 258 2657 tamen
275 2623 363 2656 Ann.
381 2623 437 2664 III,
458 2625 498 2655 62
525 2622 568 2655 de
585 2623 763 2663 Magnesia
781 2621 825 2654 ad
842 2621 1073 2654 Maeandrum
1091 2622 1179 2654 haec
1196 2621 1282 2662 legi:
1303 2617 1471 2663 prooee‘mi
1483 2618 1547 2653 hos
1562 2617 1711 2663 Μαρω-

137 2683 186 2715 tes
210 2678 250 2714 L.
277 2677 463 2724 Scipionis
493 2681 524 2713 et
553 2677 593 2712 L.
622 2676 743 2712 Sullae
767 2677 968 2712 constitutis
997 2677 1214 2719 nitebamur,
1249 2686 1402 2720 quorum
1432 2675 1492 2710 ille
1522 2675 1709 2720 Antiocho,

138 2737 198 2773 hie
223 2736 434 2772 Mithridate
450 2734 570 2781 pulsis
592 2735 701 2779 fidem
724 2738 828 2779 atque
851 2735 1017 2769 virtutem
1036 2733 1243 2778 Maymtum
1269 2733 1482 2776 decoravere,
1506 2736 1546 2767 ut
1566 2732 1711 2769 Dianae

136 2794 416 2839 Leucophrynae
446 2792 659 2838 perfuqium
694 2791 902 2827 inviolabile
930 2791 1028 2836 foret.
1078 2792 1200 2824 Eidem
1234 2792 1389 2833 intellegi
1419 2792 1589 2824 videntur
1619 2792 1707 2825 Anu.

136 2853 193 2897 Ν,
213 2858 266 2886 55.
307 2853 474 2886 Ceterum
492 2852 640 2895 pluralis
657 2849 851 2895 συμμαχίας
875 2851 1084 2892 usurpatur,
1110 2849 1194 2891 quia
1212 2858 1283 2882 vox
1308 2849 1367 2882 hic
1388 2858 1460 2882 non
1483 2850 1558 2882 tam
1582 2849 1708 2883 foedus

1843 1012 1853 1048 l,
