1858 3126
193 132 277 171 504
837 127 895 159 IX.
932 127 1130 169 Appendix.
1646 127 1773 170 [732.-

307 266 393 321 [τΙις
431 266 620 322 πρότερος
656 263 841 321 πόλεΙμον
882 264 1070 320 ἐπιφέρηι
1111 266 1184 306 τῶι
1220 265 1354 320 δήμωι
1395 266 1469 306 τῶι
1496 261 1710 319 Ῥωμαίων
1746 267 1772 320 ἢ

307 333 379 382 τὰς
411 335 626 390 συνΙθήκας
655 334 858 390 παραβῇῧ,
890 334 978 375 τότε
1010 335 1030 374 6
1063 335 1187 389 δῆμος
1220 335 1240 374 6
1270 335 1347 375 τῶν
1369 331 1610 390 Κιβυρατῶν
1630 334 1734 388 τῶΙι]
1768 334 1772 389 Ι

262 417 281 448 5
311 405 445 459 ὃήμωι
474 406 548 445 τῶι
568 400 784 458 Ῥωμαίων
827 402 1025 459 βοηθείτω
1065 399 1171 443 κατὰ
1209 401 1252 443 τὸ
1290 401 1488 459 εὔκαιρον,
1529 402 1550 443 ὃ
1581 400 1592 458 ΙΙ
1622 401 1698 457 [inv
1731 404 1776 445 ἐκ

306 475 383 515 τῶν
416 473 626 527 συνθηκῶν
658 471 726 514 καὶ
756 473 884 528 ὅρκων
917 472 1002 527 ἐξῆι
1026 469 1267 527 Κιβυρατῶν
1297 473 1371 513 τῶι
1405 469 1410 527 Ι
1443 472 1576 526 δήμωι
1610 472 1773 513 ποιεῖν4.

307 540 376 583 καὶ
413 540 483 583 ἐάν
514 557 552 582 τι
590 540 687 597 πρὸς
723 540 870 587 ταύτας
905 537 978 586 τὰς
1016 540 1221 595 συνθήκας
1254 538 1258 595 Ι
1292 541 1313 581 6
1353 541 1478 595 δῆμος
1515 541 1536 581 ὁ
1558 537 1776 595 Ῥωμαίων

308 610 376 652 καὶ
409 612 429 651 6
462 611 588 665 δῆμος
620 611 639 650 6
661 608 900 665 Κιβυρατῶν
931 612 1063 664 κοινῆι
1097 607 1100 664 Ι
1136 609 1278 665 βουλῆι
1307 608 1545 664 προσθεῖναι
1573 611 1600 664 ἢ
1633 609 1777 656 ἐξελεῖν

311 679 547 735 βούλωνται,
580 682 713 733 κοινῆι
750 679 893 734 βουλῆι
923 677 1127 734 δηΙμοσίαι
1158 677 1358 733 ἑκατέρων
1390 677 1588 719 θελόντων
1621 677 1775 724 ἐξέστω.

239 759 281 791 10
309 748 335 790 ἃ
358 747 429 802 δ[ὲ]
460 747 471 803 ΙΙ
502 747 549 789 ἂν
571 747 838 804 προστιθῶσιν
861 747 901 788 ἐν
923 747 1009 793 ταῖς
1032 746 1265 801 συνθήκαις,
1293 746 1468 801 ἐνέστ[ω]
1492 745 1497 802 Ι
1521 747 1562 788 ἐν
1583 746 1669 794 ταῖς
1690 763 1780 788 συν-

309 817 469 871 θήκαις,
504 817 530 858 ἃ
561 815 605 857 δὲ
636 815 683 857 ἂν
716 815 947 872 ἀφέλ[ω]σιν
979 818 1055 856 τῶν
1089 815 1354 870 συνθΙη]Ικῶν,
1389 813 1503 862 ἐκτὸς
1533 814 1648 856 ἔστω.
1685 815 1779 857 ταύ-

310 901 380 932 τας
412 884 456 926 δὲ
486 882 560 932 τὰς
592 885 794 940 συνθήκας
815 885 871 931 εἰς
901 882 1173 940 χΙάλΙΙκωμα5
1204 882 1553 940 ἀναγραψάτωσαν
1584 882 1652 926 καὶ
1683 884 1779 925 ἀνα-

311 954 493 996 θέτωσαν
524 955 575 1008 ἐμ
607 953 706 1009 μΙὲν]
740 953 744 1009 Ι
771 950 933 1008 Ῥώμηι
971 953 1011 994 ἐν
1047 954 1121 994 τῶι
1161 952 1273 1008 ἱερῶν,
1307 955 1377 994 τοῦ
1409 951 1503 999 Διὸς
1542 955 1612 993 τοῦ
1642 951 1782 994 Καπε-

196 1117 424 1149 exercituum
451 1116 582 1148 ducem
607 1115 644 1147 in
669 1114 752 1147 Asia
782 1115 962 1146 neminem
987 1114 1158 1147 novimus
1183 1115 1266 1146 ante
1290 1123 1425 1147 annum
1451 1117 1492 1147 87
1519 1123 1549 1147 a.
1568 1114 1649 1148 Chr.
1667 1124 1700 1147 n.
1726 1115 1779 1157 (cf.

196 1175 383 1207 Drumann
417 1173 542 1206 Gesch.
567 1173 675 1205 Roms
700 1172 745 1204 IV
776 1181 810 1213 p.
832 1174 894 1204 184
920 1181 952 1203 n.
974 1172 1015 1214 4),
1049 1180 1166 1213 neque
1196 1171 1270 1204 ulla
1301 1180 1346 1204 ex
1384 1173 1485 1214 parte
1520 1172 1691 1206 credibile
1727 1175 1783 1206 est

196 1232 355 1265 hominis
385 1231 444 1263 cui
475 1231 559 1263 talia
589 1239 655 1272 per
684 1230 762 1262 illas
795 1230 958 1271 regiones
990 1230 1213 1261 constituere
1245 1229 1407 1262 licuisset
1436 1229 1652 1263 memoriam
1677 1230 1782 1273 plane

197 1289 433 1322 intercidisse.
475 1288 543 1320 Sed
569 1289 598 1320 si
625 1287 830 1329 geographo
850 1286 1053 1328 credemus,
1080 1286 1258 1319 bellorum
1283 1286 1609 1320 Mithridaticorum
1634 1287 1796 1321 demum·

198 1346 425 1389 temporibus
450 1345 644 1388 tyrannida
667 1344 822 1386 Cibyrae
847 1344 1021 1376 abolitam
1047 1353 1136 1385 esse,
1166 1345 1325 1386 primum
1350 1344 1496 1386 quidem
1523 1345 1582 1377 hic
1598 1345 1783 1378 Strabonis

198 1406 380 1446 Moagetes
406 1404 450 1436 ab
476 1404 536 1436 illo
563 1403 727 1435 Antiochi
753 1403 869 1444 Magni
895 1402 1048 1444 aequali,
1077 1411 1186 1444 quem
1211 1403 1354 1444 praeter
1379 1402 1517 1435 Livium
1545 1403 1655 1436 etiam
1678 1403 1784 1446 Poly-

199 1463 282 1495 bius
298 1462 391 1504 XXI,
411 1463 465 1503 34,
485 1464 497 1492 1
529 1462 804 1502 commemorat,
830 1460 1104 1501 distinguendus
1129 1460 1208 1502 erit,
1233 1460 1300 1492 etsi
1322 1459 1508 1493 Strabonis
1533 1460 1648 1502 ipsius
1673 1461 1784 1494 verba

200 1521 358 1552 indicare
383 1519 563 1560 videntur,
597 1519 778 1551 neminem
805 1519 886 1550 ante
910 1518 1012 1550 illum
1039 1517 1203 1550 eiusdem
1228 1518 1385 1550 nominis
1410 1517 1610 1560 principem
1635 1517 1784 1561 Cibyra-

200 1580 319 1610 tarum
345 1577 466 1609 fuisse.
509 1576 643 1608 Deinde
670 1585 755 1608 vero
782 1576 850 1607 hoc
875 1575 1002 1608 foedus
1037 1585 1057 1607 a
1081 1576 1228 1608 civitate
1259 1576 1330 1608 iam
1360 1575 1474 1608 libera
1505 1584 1589 1608 cum
1614 1575 1784 1609 Romanis

201 1635 335 1668 factum
353 1634 506 1666 Sullanis
524 1633 751 1675 temporibus
770 1634 950 1665 recentius
964 1641 1043 1665 esse
1060 1634 1212 1675 propter
1226 1633 1428 1675 scripturae
1445 1641 1558 1675 genus
1575 1633 1785 1667 incredibile

202 1695 267 1726 est.
305 1692 423 1731 Quare
439 1692 529 1724 mihi
549 1691 695 1733 quidem
716 1691 845 1723 Strabo
867 1698 1006 1723 errasse
1026 1691 1179 1732 videtur,
1200 1698 1283 1723 cum
1298 1691 1468 1724 Murenae
1488 1691 1547 1725 hic
1564 1691 1782 1724 mentionem

203 1751 362 1783 iniceret.
400 1750 515 1782 Immo
542 1749 571 1781 si
594 1749 773 1790 Moagetes
798 1750 1006 1790 postremus
1031 1747 1098 1780 fuit
1121 1747 1374 1789 Cibyratarum
1393 1750 1581 1790 tyrannus,
1607 1757 1677 1781 non
1701 1750 1785 1791 post

205 1808 366 1841 medium
397 1807 584 1839 saeculum
618 1816 647 1838 a.
673 1807 753 1839 Chr.
778 1815 811 1838 n.
846 1806 1000 1838 alterum
1033 1805 1232 1837 dominatio
1270 1806 1348 1838 eius
1376 1805 1512 1838 abolita
1542 1814 1622 1839 esse
1652 1807 1784 1847 potest.

204 1866 295 1899 Cum
320 1875 413 1898 anno
440 1867 503 1897 167
531 1874 561 1896 a.
579 1864 660 1896 Chr.
687 1873 720 1896 n.
747 1864 913 1896 narretur
936 1863 1125 1904 Cibyratas
1151 1862 1284 1895 frustra
1309 1863 1451 1895 Cauniis
1476 1864 1605 1896 contra
1626 1863 1784 1896 Rhodios

205 1923 340 1956 auxilio
358 1923 501 1955 venisse
527 1921 661 1963 (Polyb.
679 1921 790 1963 XXX,
810 1924 839 1962 5,
860 1921 913 1952 14.
947 1921 1020 1953 Liv.
1039 1920 1141 1962 XLV,
1159 1922 1213 1962 25,
1233 1919 1285 1960 13)
1310 1920 1407 1952 nulla
1423 1921 1568 1961 tyranni
1593 1921 1783 1963 mentione,

203 1983 283 2014 tum
310 1981 380 2013 iam
406 1980 581 2022 populum
608 1980 665 2011 sui
689 1979 780 2011 iuris
805 1978 916 2011 fuisse
942 1977 1128 2020 probabile
1153 1979 1217 2019 est,
1247 1986 1364 2019 neque
1387 1978 1583 2019 quominus
1613 1977 1682 2010 hoc
1713 1978 1784 2010 foe-

206 2038 274 2070 dus
299 2037 361 2069 illo
387 2045 479 2069 anno
505 2036 686 2078 antiquius
712 2045 790 2068 esse
816 2037 1018 2068 statuamus
1042 2035 1239 2076 quicquam
1264 2034 1392 2067 obstat.
1432 2034 1524 2067 Nam
1550 2035 1580 2067 is
1604 2036 1682 2067 erat
1706 2036 1783 2067 tum

206 2095 452 2127 Romanorum
476 2094 513 2125 in
537 2093 694 2126 Rhodios
719 2094 873 2133 animus,
906 2094 946 2124 ut
971 2092 1212 2134 improbabile
1236 2092 1283 2124 sit
1307 2092 1386 2124 illos
1411 2091 1650 2133 impedituros
1675 2093 1786 2125 fuisse

207 2150 396 2192 Cibyratas
420 2150 619 2191 quominus
645 2150 766 2182 socios
790 2150 921 2181 horum
947 2149 1097 2182 rebelles
1127 2149 1347 2181 adiuvarent.
1396 2149 1511 2182 Etiam
1543 2158 1636 2191 quae
1661 2150 1784 2192 Polyb.

207 2207 318 2249 XXX,
337 2210 368 2249 9,
387 2210 520 2249 ⁴3sqq.
546 2207 590 2239 de
615 2207 792 2248 Polyarati
819 2206 1141 2248 RhodiiCibyram
1171 2206 1329 2239 adventu
1361 2208 1396 2239 et
1419 2207 1628 2249 captivitate
1653 2209 1784 2248 narrat,

207 2265 337 2297 urbem
369 2266 449 2297 tum
482 2266 517 2296 et
546 2264 697 2296 liberam
731 2274 750 2296 a
776 2264 967 2305 tyrannide
999 2266 1035 2296 et
1065 2272 1148 2296 cum
1178 2263 1348 2297 Romanis
1381 2263 1522 2297 foedere
1554 2265 1782 2297 coniunctam

209 2322 319 2355 fuisse
351 2322 509 2354 indicare
538 2322 716 2354 videntur.
767 2321 835 2354 Sed
867 2330 1026 2363 quonam
1062 2322 1294 2363 potissimum
1328 2323 1420 2355 intra
1455 2330 1567 2368 annos
1605 2323 1784 2354 189-167

209 2389 240 2412 a.
257 2379 337 2411 Chr.
355 2388 389 2411 n.
414 2381 577 2420 tempore
601 2380 637 2411 et
653 2379 834 2420 Moagetes
858 2379 1044 2420 depositus
1069 2381 1105 2411 et
1128 2379 1198 2411 hoc
1221 2379 1350 2411 foedus
1376 2379 1510 2411 factum
1533 2379 1589 2420 sit,
1615 2379 1651 2411 in
1667 2378 1786 2412 medio

210 2436 497 2477 relinquendum.
619 2439 638 2467 2
677 2437 727 2471 11.
744 2437 810 2469 :lix
839 2436 1039 2478 Heberdey,
1065 2437 1128 2478 qui
1145 2436 1292 2469 adnotat
1317 2437 1464 2469 alteram
1482 2437 1623 2469 hastam
1648 2436 1786 2469 litterae

213 2494 236 2526 Ε
267 2501 346 2525 esse
376 2493 502 2525 videri.
550 2492 668 2531 Quare
700 2502 771 2525 non
802 2493 907 2525 video
944 2494 1031 2534 quid
1063 2493 1174 2526 fuisse
1204 2494 1320 2535 possit
1349 2495 1492 2535 praeter
1527 2492 1687 2537 [μ]έ[ν]ειν
1724 2494 1787 2526 aut

211 2548 379 2595 [φ]έ[ρ]ειν.
422 2549 543 2582 Utrum
561 2549 680 2591 fuerit,
705 2550 894 2591 incertum,
920 2551 1002 2591 quia
1029 2551 1235 2591 ignoramus
1261 2552 1513 2592 argumentum
1540 2551 1651 2582 totius
1674 2559 1787 2583 enun-

212 2607 300 2640 tiati.
419 2609 437 2638 3
468 2606 612 2638 Praeter
635 2607 728 2639 hanc
752 2615 879 2639 vocem
906 2615 1084 2648 nusquam
1115 2608 1150 2639 in
1174 2607 1245 2639 hoc
1268 2607 1374 2639 titulo
1404 2608 1477 2640 iota
1503 2608 1645 2639 mutum
1669 2607 1786 2649 negle-

214 2665 321 2706 gitur.
441 2665 459 2696 4
491 2663 650 2706 Apparet
672 2667 739 2696 τῶν
766 2661 944 2709 συνθηκῶν
969 2662 1027 2696 καὶ
1050 2661 1161 2707 ὅρκων
1187 2673 1257 2696 non
1282 2672 1390 2706 posse
1415 2664 1458 2696 ad
1482 2664 1552 2696 hoc
1568 2664 1688 2706 ipsum
1714 2663 1787 2697 foe-

213 2721 281 2754 dus
304 2719 440 2762 referri,
470 2720 533 2753 sed
558 2721 603 2754 ad
632 2721 699 2754 alia
724 2723 827 2753 antea
852 2730 872 2754 a
897 2720 1076 2763 Cibyratis
1101 2730 1183 2753 cum
1211 2721 1288 2753 aliis
1312 2721 1457 2763 populis
1489 2719 1590 2763 facta,
1624 2730 1717 2763 quae
1741 2730 1785 2754 ne

212 2778 281 2810 hoc
313 2780 419 2820 pacto
450 2780 666 2821 rumpantur
690 2780 849 2812 cavetur.
1014 2781 1031 2811 5
1065 2778 1148 2811 Post
1173 2778 1475 2820 praepositionem
1508 2779 1574 2812 ΕΙΣ
1605 2779 1691 2811 nihil
1716 2779 1784 2812 nisi

214 2835 346 2867 lineam
370 2835 556 2877 obliquam
582 2838 604 2859 ἵ
634 2838 775 2869 exstare
799 2837 953 2868 testatur
978 2835 1176 2878 Heberdey‚
1206 2835 1269 2868 sed
1293 2844 1373 2867 eam
1398 2835 1447 2868 ita
1472 2837 1719 2878 comparatam
1743 2837 1782 2868 ul

216 2891 349 2927 nullius
374 2892 513 2924 litterae
538 2893 606 2926 nisi
631 2894 659 2927 Χ
684 2902 763 2925 esse
788 2894 915 2936 possit.
