<?xml version="1.0" encoding="UTF-8"?>
<!DOCTYPE html PUBLIC "-//W3C//DTD XHTML 1.0 Transitional//EN"
    "http://www.w3.org/TR/xhtml1/DTD/xhtml1-transitional.dtd">
<html xmlns="http://www.w3.org/1999/xhtml" xml:lang="en" lang="en">
 <head>
  <title>
</title>
<meta http-equiv="Content-Type" content="text/html;charset=utf-8" />
  <meta name='ocr-system' content='tesseract 3.04.00' />
  <meta name='ocr-capabilities' content='ocr_page ocr_carea ocr_par ocr_line ocrx_word'/>
</head>
<body>
  <div class='ocr_page' id='page_1' title='image "./orientisgraeciin02dittuoft/orientisgraeciin02dittuoft_0648.png"; bbox 0 0 1858 3126; ppageno 0'>
   <div class='ocr_carea' id='block_1_1' title="bbox 223 155 310 197">
    <p class='ocr_par' dir='ltr' id='par_1_1' title="bbox 223 155 310 197">
     <span class='ocr_line' id='line_1_1' title="bbox 223 155 310 197; baseline 0 -1"><span class='ocrx_word' id='word_1_1' title='bbox 223 155 310 197; x_wconf 86' lang='lat'>634</span> 
     </span>
    </p>
   </div>
   <div class='ocr_carea' id='block_1_2' title="bbox 220 287 985 2957">
    <p class='ocr_par' dir='ltr' id='par_1_2' title="bbox 223 287 982 448">
     <span class='ocr_line' id='line_1_2' title="bbox 223 287 982 339; baseline -0.007 -13"><span class='ocrx_word' id='word_1_2' title='bbox 223 291 461 339; x_wconf 88' lang='grc' dir='ltr'>ἀποχράομαι·</span> <span class='ocrx_word' id='word_1_3' title='bbox 489 289 552 325; x_wconf 77' lang='grc' dir='ltr'>ὑπὸ</span> <span class='ocrx_word' id='word_1_4' title='bbox 575 294 644 323; x_wconf 92' lang='grc' dir='ltr'>τῶν</span> <span class='ocrx_word' id='word_1_5' title='bbox 661 288 908 327; x_wconf 74' lang='grc' dir='ltr'>πλεονεκτικῶς</span> <span class='ocrx_word' id='word_1_6' title='bbox 923 287 982 322; x_wconf 85' lang='grc' dir='ltr'>καὶ</span> 
     </span>
     <span class='ocr_line' id='line_1_3' title="bbox 270 344 981 393; baseline -0.004 -11"><span class='ocrx_word' id='word_1_7' title='bbox 270 348 417 385; x_wconf 79' lang='grc' dir='ltr'>ἀναιδῶς</span> <span class='ocrx_word' id='word_1_8' title='bbox 440 350 516 385; x_wconf 83' lang='grc' dir='ltr'>ταῖς</span> <span class='ocrx_word' id='word_1_9' title='bbox 540 346 703 388; x_wconf 79' lang='grc' dir='ltr'><strong>ἐξουσίαις</strong></span> <span class='ocrx_word' id='word_1_10' title='bbox 725 344 981 393; x_wconf 76' lang='grc' dir='ltr'>ἀποχρωμένων</span> 
     </span>
     <span class='ocr_line' id='line_1_4' title="bbox 272 406 410 448; baseline -0.007 -9"><span class='ocrx_word' id='word_1_11' title='bbox 272 406 349 448; x_wconf 86' lang='grc'><strong>665,</strong></span> <span class='ocrx_word' id='word_1_12' title='bbox 371 412 410 439; x_wconf 86' lang='lat'>16</span> 
     </span>
    </p>

    <p class='ocr_par' dir='ltr' id='par_1_3' title="bbox 223 459 982 563">
     <span class='ocr_line' id='line_1_5' title="bbox 223 459 982 508; baseline -0.003 -13"><span class='ocrx_word' id='word_1_13' title='bbox 223 461 475 508; x_wconf 77' lang='grc' dir='ltr'>ἀπροφάσιστος</span> <span class='ocrx_word' id='word_1_14' title='bbox 501 461 578 505; x_wconf 88' lang='grc'><strong>383,</strong></span> <span class='ocrx_word' id='word_1_15' title='bbox 600 467 676 496; x_wconf 84' lang='grc'><strong>129.</strong></span> <span class='ocrx_word' id='word_1_16' title='bbox 721 459 982 507; x_wconf 80' lang='grc' dir='ltr'>ἀπροφασίστως</span> 
     </span>
     <span class='ocr_line' id='line_1_6' title="bbox 270 520 430 563; baseline 0 -11"><span class='ocrx_word' id='word_1_17' title='bbox 270 520 347 563; x_wconf 89' lang='grc'><strong>383,</strong></span> <span class='ocrx_word' id='word_1_18' title='bbox 368 526 430 553; x_wconf 83' lang='lat'>169</span> 
     </span>
    </p>

    <p class='ocr_par' dir='ltr' id='par_1_4' title="bbox 222 573 982 679">
     <span class='ocr_line' id='line_1_7' title="bbox 222 573 982 622; baseline -0.004 -11"><span class='ocrx_word' id='word_1_19' title='bbox 222 576 390 622; x_wconf 81' lang='grc' dir='ltr'>ἅπτομαι·</span> <span class='ocrx_word' id='word_1_20' title='bbox 432 575 517 622; x_wconf 83' lang='grc' dir='ltr'>μετὰ</span> <span class='ocrx_word' id='word_1_21' title='bbox 557 575 596 609; x_wconf 84' lang='grc' dir='ltr'>δὲ</span> <span class='ocrx_word' id='word_1_22' title='bbox 633 578 741 609; x_wconf 83' lang='grc' dir='ltr'>ταῦτα</span> <span class='ocrx_word' id='word_1_23' title='bbox 775 594 822 599; x_wconf 93' lang='grc'>-</span> <span class='ocrx_word' id='word_1_24' title='bbox 855 573 982 620; x_wconf 86' lang='grc' dir='ltr'>ἥπτετο</span> 
     </span>
     <span class='ocr_line' id='line_1_8' title="bbox 271 633 693 679; baseline -0.005 -11"><span class='ocrx_word' id='word_1_25' title='bbox 271 633 403 679; x_wconf 88' lang='grc' dir='ltr'>μᾶλλον</span> <span class='ocrx_word' id='word_1_26' title='bbox 428 633 528 679; x_wconf 83' lang='grc' dir='ltr'>ἡμῶν</span> <span class='ocrx_word' id='word_1_27' title='bbox 556 634 633 677; x_wconf 93' lang='grc'><strong>315,</strong></span> <span class='ocrx_word' id='word_1_28' title='bbox 655 640 693 667; x_wconf 88' lang='grc'>56</span> 
     </span>
    </p>

    <p class='ocr_par' dir='ltr' id='par_1_5' title="bbox 223 690 476 736">
     <span class='ocr_line' id='line_1_9' title="bbox 223 690 476 736; baseline 0.004 -12"><span class='ocrx_word' id='word_1_29' title='bbox 223 690 290 736; x_wconf 89' lang='grc' dir='ltr'>ἀρά</span> <span class='ocrx_word' id='word_1_30' title='bbox 315 692 393 735; x_wconf 88' lang='grc'><strong>383,</strong></span> <span class='ocrx_word' id='word_1_31' title='bbox 413 697 476 725; x_wconf 86' lang='grc'>236</span> 
     </span>
    </p>

    <p class='ocr_par' dir='ltr' id='par_1_6' title="bbox 221 747 769 794">
     <span class='ocr_line' id='line_1_10' title="bbox 221 747 769 794; baseline -0.005 -12"><span class='ocrx_word' id='word_1_32' title='bbox 221 747 423 794; x_wconf 81' lang='grc' dir='ltr'>ἀραβάρχης</span> <span class='ocrx_word' id='word_1_33' title='bbox 448 749 527 791; x_wconf 90' lang='grc'><strong>202,</strong></span> <span class='ocrx_word' id='word_1_34' title='bbox 547 754 577 782; x_wconf 86' lang='grc'><strong>2.</strong></span> <span class='ocrx_word' id='word_1_35' title='bbox 597 755 627 782; x_wconf 88' lang='grc'>9.</span> <span class='ocrx_word' id='word_1_36' title='bbox 653 747 730 791; x_wconf 84' lang='grc'><strong>685,</strong></span> <span class='ocrx_word' id='word_1_37' title='bbox 752 753 769 779; x_wconf 93' lang='grc'><strong>2</strong></span> 
     </span>
    </p>

    <p class='ocr_par' dir='ltr' id='par_1_7' title="bbox 220 804 557 852">
     <span class='ocr_line' id='line_1_11' title="bbox 220 804 557 852; baseline -0.003 -13"><span class='ocrx_word' id='word_1_38' title='bbox 220 804 417 852; x_wconf 88' lang='grc' dir='ltr'>ἀραβαρχία</span> <span class='ocrx_word' id='word_1_39' title='bbox 442 806 520 847; x_wconf 92' lang='grc'><strong>674,</strong></span> <span class='ocrx_word' id='word_1_40' title='bbox 540 813 557 838; x_wconf 85' lang='grc'><strong>4</strong></span> 
     </span>
    </p>

    <p class='ocr_par' dir='ltr' id='par_1_8' title="bbox 223 861 558 908">
     <span class='ocr_line' id='line_1_12' title="bbox 223 861 558 908; baseline 0.003 -13"><span class='ocrx_word' id='word_1_41' title='bbox 223 861 418 908; x_wconf 88' lang='grc' dir='ltr'>ἀργαπέτης</span> <span class='ocrx_word' id='word_1_42' title='bbox 443 863 521 905; x_wconf 92' lang='grc'><strong>645,</strong></span> <span class='ocrx_word' id='word_1_43' title='bbox 541 870 558 896; x_wconf 86' lang='grc'><strong>4</strong></span> 
     </span>
    </p>

    <p class='ocr_par' dir='ltr' id='par_1_9' title="bbox 222 915 983 1079">
     <span class='ocr_line' id='line_1_13' title="bbox 222 915 982 965; baseline -0.005 -12"><span class='ocrx_word' id='word_1_44' title='bbox 222 917 462 965; x_wconf 79' lang='grc' dir='ltr'>ἀργυρίζομαι·</span> <span class='ocrx_word' id='word_1_45' title='bbox 496 917 531 958; x_wconf 77' lang='grc' dir='ltr'>ἐξ</span> <span class='ocrx_word' id='word_1_46' title='bbox 556 917 594 952; x_wconf 81' lang='grc' dir='ltr'>οὗ</span> <span class='ocrx_word' id='word_1_47' title='bbox 621 917 746 963; x_wconf 78' lang='grc' dir='ltr'>συνέβη</span> <span class='ocrx_word' id='word_1_48' title='bbox 772 915 895 955; x_wconf 82' lang='grc' dir='ltr'>αὐτοὺς</span> <span class='ocrx_word' id='word_1_49' title='bbox 921 916 982 961; x_wconf 89' lang='grc' dir='ltr'>μὲν</span> 
     </span>
     <span class='ocr_line' id='line_1_14' title="bbox 271 972 983 1022; baseline -0.003 -13"><span class='ocrx_word' id='word_1_50' title='bbox 271 972 515 1022; x_wconf 75' lang='grc' dir='ltr'>ἀργυρίζεσθαι,</span> <span class='ocrx_word' id='word_1_51' title='bbox 545 975 608 1020; x_wconf 89' lang='grc' dir='ltr'>τὴν</span> <span class='ocrx_word' id='word_1_52' title='bbox 641 974 678 1008; x_wconf 86' lang='grc' dir='ltr'>δὲ</span> <span class='ocrx_word' id='word_1_53' title='bbox 702 972 873 1021; x_wconf 75' lang='grc' dir='ltr'>Αἴγυπτον</span> <span class='ocrx_word' id='word_1_54' title='bbox 903 973 983 1008; x_wconf 89' lang='grc' dir='ltr'>ἀνά-</span> 
     </span>
     <span class='ocr_line' id='line_1_15' title="bbox 272 1030 745 1079; baseline -0.004 -12"><span class='ocrx_word' id='word_1_55' title='bbox 272 1044 390 1067; x_wconf 90' lang='grc' dir='ltr'>στατον</span> <span class='ocrx_word' id='word_1_56' title='bbox 414 1030 583 1079; x_wconf 73' lang='grc' dir='ltr'>γείνεσθαι</span> <span class='ocrx_word' id='word_1_57' title='bbox 607 1032 684 1075; x_wconf 89' lang='grc'><strong>669,</strong></span> <span class='ocrx_word' id='word_1_58' title='bbox 704 1038 745 1066; x_wconf 89' lang='grc'>52</span> 
     </span>
    </p>

    <p class='ocr_par' dir='ltr' id='par_1_10' title="bbox 221 1086 985 1477">
     <span class='ocr_line' id='line_1_16' title="bbox 221 1086 983 1137; baseline -0.003 -13"><span class='ocrx_word' id='word_1_59' title='bbox 221 1089 423 1137; x_wconf 85' lang='grc' dir='ltr'>ἀργυρικός·</span> <span class='ocrx_word' id='word_1_60' title='bbox 453 1088 644 1135; x_wconf 88' lang='grc' dir='ltr'>τελέσματα</span> <span class='ocrx_word' id='word_1_61' title='bbox 669 1088 778 1122; x_wconf 84' lang='grc' dir='ltr'>σιτικά</span> <span class='ocrx_word' id='word_1_62' title='bbox 800 1087 859 1122; x_wconf 90' lang='grc' dir='ltr'>καὶ</span> <span class='ocrx_word' id='word_1_63' title='bbox 882 1086 983 1134; x_wconf 88' lang='grc' dir='ltr'>ἀργυ-</span> 
     </span>
     <span class='ocr_line' id='line_1_17' title="bbox 271 1144 983 1192; baseline -0.001 -12"><span class='ocrx_word' id='word_1_64' title='bbox 271 1146 348 1191; x_wconf 88' lang='grc' dir='ltr'>ρικά</span> <span class='ocrx_word' id='word_1_65' title='bbox 373 1147 451 1189; x_wconf 91' lang='grc'><strong>669,</strong></span> <span class='ocrx_word' id='word_1_66' title='bbox 469 1153 525 1179; x_wconf 87' lang='grc'>47.</span> <span class='ocrx_word' id='word_1_67' title='bbox 566 1145 717 1183; x_wconf 79' lang='grc' dir='ltr'>δαπάνας</span> <span class='ocrx_word' id='word_1_68' title='bbox 741 1144 926 1192; x_wconf 88' lang='grc' dir='ltr'>ἀργυρικάς</span> <span class='ocrx_word' id='word_1_69' title='bbox 947 1156 983 1179; x_wconf 92' lang='grc' dir='ltr'>τε</span> 
     </span>
     <span class='ocr_line' id='line_1_18' title="bbox 269 1201 985 1248; baseline -0.004 -10"><span class='ocrx_word' id='word_1_70' title='bbox 269 1205 328 1238; x_wconf 74' lang='grc' dir='ltr'>καὶ</span> <span class='ocrx_word' id='word_1_71' title='bbox 352 1203 480 1241; x_wconf 88' lang='grc' dir='ltr'>σιτικάς</span> <span class='ocrx_word' id='word_1_72' title='bbox 505 1203 559 1246; x_wconf 93' lang='grc'>90,</span> <span class='ocrx_word' id='word_1_73' title='bbox 580 1208 634 1236; x_wconf 89' lang='grc'>21.</span> <span class='ocrx_word' id='word_1_74' title='bbox 674 1201 859 1248; x_wconf 86' lang='grc' dir='ltr'>ἀργυρικάς</span> <span class='ocrx_word' id='word_1_75' title='bbox 874 1213 911 1235; x_wconf 92' lang='grc' dir='ltr'>τε</span> <span class='ocrx_word' id='word_1_76' title='bbox 926 1202 985 1236; x_wconf 85' lang='grc' dir='ltr'>καὶ</span> 
     </span>
     <span class='ocr_line' id='line_1_19' title="bbox 271 1259 984 1306; baseline -0.003 -11"><span class='ocrx_word' id='word_1_77' title='bbox 271 1261 399 1299; x_wconf 86' lang='grc' dir='ltr'>σιτικάς</span> <span class='ocrx_word' id='word_1_78' title='bbox 423 1259 612 1306; x_wconf 82' lang='grc' dir='ltr'>προσόδους</span> <span class='ocrx_word' id='word_1_79' title='bbox 637 1260 692 1303; x_wconf 89' lang='grc'>90,</span> <span class='ocrx_word' id='word_1_80' title='bbox 713 1266 765 1294; x_wconf 92' lang='grc'>11.</span> <span class='ocrx_word' id='word_1_81' title='bbox 815 1259 984 1300; x_wconf 80' lang='grc' dir='ltr'>συντάξεις</span> 
     </span>
     <span class='ocr_line' id='line_1_20' title="bbox 269 1315 984 1363; baseline 0 -13"><span class='ocrx_word' id='word_1_82' title='bbox 269 1317 399 1355; x_wconf 86' lang='grc' dir='ltr'>σιτικάς</span> <span class='ocrx_word' id='word_1_83' title='bbox 415 1329 452 1351; x_wconf 84' lang='grc' dir='ltr'>τε</span> <span class='ocrx_word' id='word_1_84' title='bbox 471 1315 530 1351; x_wconf 89' lang='grc' dir='ltr'>καὶ</span> <span class='ocrx_word' id='word_1_85' title='bbox 542 1316 725 1363; x_wconf 86' lang='grc' dir='ltr'>ἀργυρικάς</span> <span class='ocrx_word' id='word_1_86' title='bbox 746 1317 864 1360; x_wconf 88' lang='grc'><strong>90,15.</strong></span> <span class='ocrx_word' id='word_1_87' title='bbox 896 1315 984 1350; x_wconf 81' lang='grc' dir='ltr'>κατὰ</span> 
     </span>
     <span class='ocr_line' id='line_1_21' title="bbox 269 1372 984 1420; baseline 0 -13"><span class='ocrx_word' id='word_1_88' title='bbox 269 1377 334 1408; x_wconf 85' lang='grc' dir='ltr'>πᾶν</span> <span class='ocrx_word' id='word_1_89' title='bbox 358 1373 381 1419; x_wconf 80' lang='grc' dir='ltr'>ἢ</span> <span class='ocrx_word' id='word_1_90' title='bbox 399 1373 593 1420; x_wconf 87' lang='grc' dir='ltr'>ἀργυρικῶς</span> <span class='ocrx_word' id='word_1_91' title='bbox 616 1372 639 1419; x_wconf 88' lang='grc' dir='ltr'>ἢ</span> <span class='ocrx_word' id='word_1_92' title='bbox 660 1378 864 1420; x_wconf 87' lang='grc' dir='ltr'>σωματικῶς</span> <span class='ocrx_word' id='word_1_93' title='bbox 880 1372 984 1408; x_wconf 91' lang='grc' dir='ltr'>κολα-</span> 
     </span>
     <span class='ocr_line' id='line_1_22' title="bbox 271 1430 597 1477; baseline 0 -13"><span class='ocrx_word' id='word_1_94' title='bbox 271 1430 436 1477; x_wconf 77' lang='grc' dir='ltr'>σθήσεται</span> <span class='ocrx_word' id='word_1_95' title='bbox 460 1432 538 1474; x_wconf 89' lang='grc'><strong>664,</strong></span> <span class='ocrx_word' id='word_1_96' title='bbox 560 1438 597 1464; x_wconf 90' lang='grc'>17</span> 
     </span>
    </p>

    <p class='ocr_par' dir='ltr' id='par_1_11' title="bbox 221 1486 547 1535">
     <span class='ocr_line' id='line_1_23' title="bbox 221 1486 547 1535; baseline -0.006 -12"><span class='ocrx_word' id='word_1_97' title='bbox 221 1488 379 1535; x_wconf 83' lang='grc' dir='ltr'>ἀργύριον</span> <span class='ocrx_word' id='word_1_98' title='bbox 400 1486 547 1533; x_wconf 79' lang='lat' dir='ltr'><em>passim</em></span> 
     </span>
    </p>

    <p class='ocr_par' dir='ltr' id='par_1_12' title="bbox 220 1543 984 1820">
     <span class='ocr_line' id='line_1_24' title="bbox 220 1543 982 1591; baseline -0.001 -12"><span class='ocrx_word' id='word_1_99' title='bbox 220 1545 444 1591; x_wconf 87' lang='grc' dir='ltr'>ἀργυρισμός·</span> <span class='ocrx_word' id='word_1_100' title='bbox 483 1544 590 1590; x_wconf 85' lang='grc' dir='ltr'>μηδὲν</span> <span class='ocrx_word' id='word_1_101' title='bbox 626 1543 712 1579; x_wconf 78' lang='grc' dir='ltr'>ἄλλο</span> <span class='ocrx_word' id='word_1_102' title='bbox 749 1549 855 1578; x_wconf 89' lang='grc' dir='ltr'>ποιῶν</span> <span class='ocrx_word' id='word_1_103' title='bbox 893 1543 982 1590; x_wconf 76' lang='grc' dir='ltr'>πλὴν</span> 
     </span>
     <span class='ocr_line' id='line_1_25' title="bbox 270 1601 982 1649; baseline -0.003 -13"><span class='ocrx_word' id='word_1_104' title='bbox 270 1601 480 1648; x_wconf 81' lang='grc' dir='ltr'>ἀργυρισμοῦ</span> <span class='ocrx_word' id='word_1_105' title='bbox 541 1601 709 1649; x_wconf 87' lang='grc' dir='ltr'>πρόφασιν</span> <span class='ocrx_word' id='word_1_106' title='bbox 768 1601 982 1636; x_wconf 70' lang='grc' dir='ltr'>καταλείπων</span> 
     </span>
     <span class='ocr_line' id='line_1_26' title="bbox 273 1658 984 1705; baseline 0 -13"><span class='ocrx_word' id='word_1_107' title='bbox 273 1658 384 1705; x_wconf 83' lang='grc' dir='ltr'>ἑαυτῷ</span> <span class='ocrx_word' id='word_1_108' title='bbox 407 1658 466 1692; x_wconf 90' lang='grc' dir='ltr'>καὶ</span> <span class='ocrx_word' id='word_1_109' title='bbox 490 1662 562 1697; x_wconf 89' lang='grc' dir='ltr'>τοῖς</span> <span class='ocrx_word' id='word_1_110' title='bbox 591 1658 710 1696; x_wconf 81' lang='grc' dir='ltr'>ἄλλοις</span> <span class='ocrx_word' id='word_1_111' title='bbox 734 1662 984 1705; x_wconf 75' lang='grc' dir='ltr'>πραγματικοῖς</span> 
     </span>
     <span class='ocr_line' id='line_1_27' title="bbox 271 1715 983 1761; baseline -0.001 -11"><span class='ocrx_word' id='word_1_112' title='bbox 271 1716 350 1759; x_wconf 89' lang='grc'><strong>669,</strong></span> <span class='ocrx_word' id='word_1_113' title='bbox 369 1723 422 1750; x_wconf 86' lang='grc'>37.</span> <span class='ocrx_word' id='word_1_114' title='bbox 456 1715 495 1750; x_wconf 83' lang='grc' dir='ltr'>οὐ</span> <span class='ocrx_word' id='word_1_115' title='bbox 513 1715 616 1750; x_wconf 85' lang='grc' dir='ltr'>πλέον</span> <span class='ocrx_word' id='word_1_116' title='bbox 635 1715 875 1761; x_wconf 83' lang='grc' dir='ltr'>περιεποίησαν</span> <span class='ocrx_word' id='word_1_117' title='bbox 893 1715 983 1761; x_wconf 84' lang='grc' dir='ltr'>πλὴν</span> 
     </span>
     <span class='ocr_line' id='line_1_28' title="bbox 269 1772 983 1820; baseline 0 -13"><span class='ocrx_word' id='word_1_118' title='bbox 269 1772 477 1820; x_wconf 82' lang='grc' dir='ltr'>ἀργυρισμοῦ</span> <span class='ocrx_word' id='word_1_119' title='bbox 500 1778 568 1807; x_wconf 88' lang='grc' dir='ltr'>τῶν</span> <span class='ocrx_word' id='word_1_120' title='bbox 585 1778 826 1820; x_wconf 81' lang='grc' dir='ltr'>πραγματικῶν</span> <span class='ocrx_word' id='word_1_121' title='bbox 853 1774 983 1816; x_wconf 86' lang='grc'><strong>669,63</strong></span> 
     </span>
    </p>

    <p class='ocr_par' dir='ltr' id='par_1_13' title="bbox 222 1829 639 1878">
     <span class='ocr_line' id='line_1_29' title="bbox 222 1829 639 1878; baseline 0 -14"><span class='ocrx_word' id='word_1_122' title='bbox 222 1829 474 1878; x_wconf 86' lang='grc' dir='ltr'>ἀργυροταμίας</span> <span class='ocrx_word' id='word_1_123' title='bbox 498 1830 576 1874; x_wconf 87' lang='grc'><strong>485,</strong></span> <span class='ocrx_word' id='word_1_124' title='bbox 599 1838 639 1864; x_wconf 91' lang='grc'>11</span> 
     </span>
    </p>

    <p class='ocr_par' dir='ltr' id='par_1_14' title="bbox 221 1886 984 2035">
     <span class='ocr_line' id='line_1_30' title="bbox 221 1886 984 1934; baseline 0.001 -13"><span class='ocrx_word' id='word_1_125' title='bbox 221 1886 388 1934; x_wconf 79' lang='grc' dir='ltr'>ἀργυροῦς</span> <span class='ocrx_word' id='word_1_126' title='bbox 408 1886 564 1932; x_wconf 81' lang='lat' dir='ltr'><strong>passim.</strong></span> <span class='ocrx_word' id='word_1_127' title='bbox 603 1886 751 1934; x_wconf 84' lang='grc' dir='ltr'>ἀργυροῦ</span> <span class='ocrx_word' id='word_1_128' title='bbox 774 1887 984 1932; x_wconf 86' lang='grc' dir='ltr'>νομίσματος</span> 
     </span>
     <span class='ocr_line' id='line_1_31' title="bbox 269 1943 983 1990; baseline -0.001 -12"><span class='ocrx_word' id='word_1_129' title='bbox 269 1945 348 1987; x_wconf 91' lang='grc'><strong>484,</strong></span> <span class='ocrx_word' id='word_1_130' title='bbox 384 1951 436 1979; x_wconf 86' lang='grc' dir='ltr'><strong>4ο.</strong></span> <span class='ocrx_word' id='word_1_131' title='bbox 509 1944 676 1990; x_wconf 84' lang='grc' dir='ltr'>ἀργυροῦν</span> <span class='ocrx_word' id='word_1_132' title='bbox 716 1943 864 1990; x_wconf 89' lang='grc' dir='ltr'>νόμισμα</span> <span class='ocrx_word' id='word_1_133' title='bbox 906 1945 983 1988; x_wconf 91' lang='grc'><strong>515,</strong></span> 
     </span>
     <span class='ocr_line' id='line_1_32' title="bbox 275 2007 388 2035; baseline 0 -1"><span class='ocrx_word' id='word_1_134' title='bbox 275 2007 328 2035; x_wconf 83' lang='lat'><strong>28.</strong></span> <span class='ocrx_word' id='word_1_135' title='bbox 350 2008 388 2034; x_wconf 86' lang='grc'>59</span> 
     </span>
    </p>

    <p class='ocr_par' dir='ltr' id='par_1_15' title="bbox 221 2056 615 2102">
     <span class='ocr_line' id='line_1_33' title="bbox 221 2056 615 2102; baseline 0 -12"><span class='ocrx_word' id='word_1_136' title='bbox 221 2056 453 2102; x_wconf 84' lang='grc' dir='ltr'>ἀργυρώματα</span> <span class='ocrx_word' id='word_1_137' title='bbox 477 2058 554 2099; x_wconf 91' lang='grc'><strong>214,</strong></span> <span class='ocrx_word' id='word_1_138' title='bbox 575 2064 615 2090; x_wconf 84' lang='grc'>26</span> 
     </span>
    </p>

    <p class='ocr_par' dir='ltr' id='par_1_16' title="bbox 223 2112 984 2272">
     <span class='ocr_line' id='line_1_34' title="bbox 223 2112 983 2160; baseline 0.003 -14"><span class='ocrx_word' id='word_1_139' title='bbox 223 2112 375 2158; x_wconf 86' lang='grc' dir='ltr'>ἀρέσκω·</span> <span class='ocrx_word' id='word_1_140' title='bbox 403 2112 570 2159; x_wconf 83' lang='grc' dir='ltr'>ἀρέσαντα</span> <span class='ocrx_word' id='word_1_141' title='bbox 594 2113 711 2151; x_wconf 83' lang='grc' dir='ltr'>αὐτοῖς</span> <span class='ocrx_word' id='word_1_142' title='bbox 737 2115 814 2158; x_wconf 92' lang='grc'>641,</span> <span class='ocrx_word' id='word_1_143' title='bbox 835 2123 864 2148; x_wconf 84' lang='grc'>5.</span> <span class='ocrx_word' id='word_1_144' title='bbox 905 2114 983 2160; x_wconf 84' lang='grc' dir='ltr'>ἀρέ-</span> 
     </span>
     <span class='ocr_line' id='line_1_35' title="bbox 271 2170 984 2218; baseline 0.003 -15"><span class='ocrx_word' id='word_1_145' title='bbox 271 2181 376 2203; x_wconf 85' lang='grc' dir='ltr'>σαντα</span> <span class='ocrx_word' id='word_1_146' title='bbox 414 2170 456 2217; x_wconf 78' lang='grc' dir='ltr'>τῇ</span> <span class='ocrx_word' id='word_1_147' title='bbox 492 2182 527 2203; x_wconf 90' lang='grc' dir='ltr'>τε</span> <span class='ocrx_word' id='word_1_148' title='bbox 569 2170 656 2218; x_wconf 69' lang='grc' dir='ltr'>αὐτῇ</span> <span class='ocrx_word' id='word_1_149' title='bbox 696 2170 803 2218; x_wconf 77' lang='grc' dir='ltr'>βουλῇ</span> <span class='ocrx_word' id='word_1_150' title='bbox 842 2171 901 2204; x_wconf 87' lang='grc' dir='ltr'>καὶ</span> <span class='ocrx_word' id='word_1_151' title='bbox 925 2171 984 2216; x_wconf 59' lang='grc' dir='ltr'>4τῷ</span> 
     </span>
     <span class='ocr_line' id='line_1_36' title="bbox 271 2225 537 2272; baseline 0.008 -14"><span class='ocrx_word' id='word_1_152' title='bbox 271 2225 372 2272; x_wconf 84' lang='grc' dir='ltr'>δήμῳ</span> <span class='ocrx_word' id='word_1_153' title='bbox 399 2227 476 2270; x_wconf 89' lang='grc'><strong>646,</strong></span> <span class='ocrx_word' id='word_1_154' title='bbox 499 2233 537 2261; x_wconf 89' lang='grc'>12</span> 
     </span>
    </p>

    <p class='ocr_par' dir='ltr' id='par_1_17' title="bbox 223 2281 982 2442">
     <span class='ocr_line' id='line_1_37' title="bbox 223 2281 982 2329; baseline 0.003 -13"><span class='ocrx_word' id='word_1_155' title='bbox 223 2281 383 2328; x_wconf 82' lang='grc' dir='ltr'>ἀριθμός·</span> <span class='ocrx_word' id='word_1_156' title='bbox 421 2281 506 2329; x_wconf 76' lang='grc' dir='ltr'>ὑπὲρ</span> <span class='ocrx_word' id='word_1_157' title='bbox 538 2287 606 2316; x_wconf 89' lang='grc' dir='ltr'>τῶν</span> <span class='ocrx_word' id='word_1_158' title='bbox 637 2283 694 2317; x_wconf 90' lang='grc' dir='ltr'>τὸν</span> <span class='ocrx_word' id='word_1_159' title='bbox 725 2282 869 2329; x_wconf 82' lang='grc' dir='ltr'>ἀριθμὸν</span> <span class='ocrx_word' id='word_1_160' title='bbox 898 2283 982 2318; x_wconf 86' lang='grc' dir='ltr'>ἀπο-</span> 
     </span>
     <span class='ocr_line' id='line_1_38' title="bbox 271 2339 981 2387; baseline 0.001 -14"><span class='ocrx_word' id='word_1_161' title='bbox 271 2340 397 2374; x_wconf 86' lang='grc' dir='ltr'>δόντων</span> <span class='ocrx_word' id='word_1_162' title='bbox 436 2340 494 2374; x_wconf 86' lang='grc' dir='ltr'>τὸν</span> <span class='ocrx_word' id='word_1_163' title='bbox 535 2339 650 2385; x_wconf 80' lang='grc' dir='ltr'>κόριον</span> <span class='ocrx_word' id='word_1_164' title='bbox 690 2340 748 2374; x_wconf 86' lang='grc' dir='ltr'>καὶ</span> <span class='ocrx_word' id='word_1_165' title='bbox 791 2340 981 2387; x_wconf 84' lang='grc' dir='ltr'>γενομένων</span> 
     </span>
     <span class='ocr_line' id='line_1_39' title="bbox 269 2396 565 2442; baseline 0.007 -13"><span class='ocrx_word' id='word_1_166' title='bbox 269 2396 424 2442; x_wconf 85' lang='grc' dir='ltr'>ἀπέργων</span> <span class='ocrx_word' id='word_1_167' title='bbox 450 2397 528 2440; x_wconf 88' lang='grc'>266,</span> <span class='ocrx_word' id='word_1_168' title='bbox 549 2404 565 2431; x_wconf 87' lang='grc'><strong>6</strong></span> 
     </span>
    </p>

    <p class='ocr_par' dir='ltr' id='par_1_18' title="bbox 221 2452 981 2610">
     <span class='ocr_line' id='line_1_40' title="bbox 221 2452 981 2502; baseline 0.003 -16"><span class='ocrx_word' id='word_1_169' title='bbox 221 2452 411 2498; x_wconf 85' lang='grc' dir='ltr'>ἀριστεῖον·</span> <span class='ocrx_word' id='word_1_170' title='bbox 446 2459 657 2499; x_wconf 85' lang='grc' dir='ltr'>στεφανῶσαι</span> <span class='ocrx_word' id='word_1_171' title='bbox 686 2454 804 2502; x_wconf 82' lang='grc' dir='ltr'>χρυσῷ</span> <span class='ocrx_word' id='word_1_172' title='bbox 828 2454 981 2500; x_wconf 68' lang='grc' dir='ltr'>στεφάνῳ</span> 
     </span>
     <span class='ocr_line' id='line_1_41' title="bbox 270 2509 981 2556; baseline 0.001 -13"><span class='ocrx_word' id='word_1_173' title='bbox 270 2509 425 2556; x_wconf 81' lang='grc' dir='ltr'>ἀριστείῳ</span> <span class='ocrx_word' id='word_1_174' title='bbox 468 2511 546 2553; x_wconf 89' lang='grc'>248,</span> <span class='ocrx_word' id='word_1_175' title='bbox 578 2518 630 2544; x_wconf 83' lang='grc'><strong>33.</strong></span> <span class='ocrx_word' id='word_1_176' title='bbox 663 2518 715 2545; x_wconf 83' lang='lat'><strong>46.</strong></span> <span class='ocrx_word' id='word_1_177' title='bbox 758 2511 835 2554; x_wconf 88' lang='grc'>332,</span> <span class='ocrx_word' id='word_1_178' title='bbox 868 2519 895 2545; x_wconf 88' lang='lat'><strong>7.</strong></span> <span class='ocrx_word' id='word_1_179' title='bbox 928 2518 981 2545; x_wconf 86' lang='lat'><strong>45.</strong></span> 
     </span>
     <span class='ocr_line' id='line_1_42' title="bbox 270 2567 581 2610; baseline 0.003 -11"><span class='ocrx_word' id='word_1_180' title='bbox 270 2567 348 2610; x_wconf 87' lang='lat'><strong>763,</strong></span> <span class='ocrx_word' id='word_1_181' title='bbox 368 2574 421 2601; x_wconf 80' lang='lat'><strong>25.</strong></span> <span class='ocrx_word' id='word_1_182' title='bbox 448 2567 525 2610; x_wconf 88' lang='lat'><strong>771,</strong></span> <span class='ocrx_word' id='word_1_183' title='bbox 542 2573 581 2600; x_wconf 77' lang='lat'>24</span> 
     </span>
    </p>

    <p class='ocr_par' dir='ltr' id='par_1_19' title="bbox 223 2622 983 2728">
     <span class='ocr_line' id='line_1_43' title="bbox 223 2622 983 2670; baseline 0.001 -13"><span class='ocrx_word' id='word_1_184' title='bbox 223 2622 402 2669; x_wconf 79' lang='grc' dir='ltr'>ἀριστεόω·</span> <span class='ocrx_word' id='word_1_185' title='bbox 427 2622 558 2670; x_wconf 88' lang='grc' dir='ltr'>ἀνδρῶν</span> <span class='ocrx_word' id='word_1_186' title='bbox 582 2623 721 2670; x_wconf 79' lang='grc' dir='ltr'>ἀγαθῶν</span> <span class='ocrx_word' id='word_1_187' title='bbox 745 2625 804 2659; x_wconf 86' lang='grc' dir='ltr'>καὶ</span> <span class='ocrx_word' id='word_1_188' title='bbox 829 2624 864 2658; x_wconf 83' lang='grc' dir='ltr'>ἐν</span> <span class='ocrx_word' id='word_1_189' title='bbox 885 2625 983 2659; x_wconf 88' lang='grc' dir='ltr'>παντὶ</span> 
     </span>
     <span class='ocr_line' id='line_1_44' title="bbox 269 2680 812 2728; baseline 0.002 -14"><span class='ocrx_word' id='word_1_190' title='bbox 269 2681 378 2727; x_wconf 81' lang='grc' dir='ltr'>καιρῷ</span> <span class='ocrx_word' id='word_1_191' title='bbox 399 2680 648 2728; x_wconf 84' lang='grc' dir='ltr'>ἢριστευκότων</span> <span class='ocrx_word' id='word_1_192' title='bbox 675 2682 752 2725; x_wconf 85' lang='grc'><strong>557,</strong></span> <span class='ocrx_word' id='word_1_193' title='bbox 775 2689 812 2716; x_wconf 81' lang='grc'>14</span> 
     </span>
    </p>

    <p class='ocr_par' dir='ltr' id='par_1_20' title="bbox 223 2736 982 2840">
     <span class='ocr_line' id='line_1_45' title="bbox 223 2736 982 2784; baseline 0.001 -13"><span class='ocrx_word' id='word_1_194' title='bbox 223 2736 333 2784; x_wconf 80' lang='grc' dir='ltr'>ἅρμα·</span> <span class='ocrx_word' id='word_1_195' title='bbox 357 2737 474 2784; x_wconf 90' lang='grc' dir='ltr'>ἀγῶνα</span> <span class='ocrx_word' id='word_1_196' title='bbox 489 2738 652 2784; x_wconf 88' lang='grc' dir='ltr'>γυμνικὸν</span> <span class='ocrx_word' id='word_1_197' title='bbox 664 2738 723 2772; x_wconf 91' lang='grc' dir='ltr'>καὶ</span> <span class='ocrx_word' id='word_1_198' title='bbox 743 2737 906 2784; x_wconf 77' lang='grc' dir='ltr'>ἁρμάτων</span> <span class='ocrx_word' id='word_1_199' title='bbox 924 2738 982 2772; x_wconf 88' lang='grc' dir='ltr'>καὶ</span> 
     </span>
     <span class='ocr_line' id='line_1_46' title="bbox 269 2794 589 2840; baseline 0.006 -12"><span class='ocrx_word' id='word_1_200' title='bbox 269 2794 425 2840; x_wconf 86' lang='grc' dir='ltr'>κελήτων</span> <span class='ocrx_word' id='word_1_201' title='bbox 451 2796 529 2839; x_wconf 89' lang='grc'>533,</span> <span class='ocrx_word' id='word_1_202' title='bbox 551 2803 589 2830; x_wconf 92' lang='grc'>16</span> 
     </span>
    </p>

    <p class='ocr_par' dir='ltr' id='par_1_21' title="bbox 222 2851 598 2899">
     <span class='ocr_line' id='line_1_47' title="bbox 222 2851 598 2899; baseline 0.003 -14"><span class='ocrx_word' id='word_1_203' title='bbox 222 2851 457 2899; x_wconf 85' lang='grc' dir='ltr'>ἀρμενιάρχης</span> <span class='ocrx_word' id='word_1_204' title='bbox 482 2853 561 2896; x_wconf 87' lang='grc'><strong>652,</strong></span> <span class='ocrx_word' id='word_1_205' title='bbox 582 2861 598 2887; x_wconf 87' lang='lat'>5</span> 
     </span>
    </p>

    <p class='ocr_par' dir='ltr' id='par_1_22' title="bbox 221 2908 981 2957">
     <span class='ocr_line' id='line_1_48' title="bbox 221 2908 981 2957; baseline 0.001 -15"><span class='ocrx_word' id='word_1_206' title='bbox 221 2908 378 2954; x_wconf 78' lang='grc' dir='ltr'>ἁρμόζω·</span> <span class='ocrx_word' id='word_1_207' title='bbox 403 2909 483 2947; x_wconf 89' lang='grc' dir='ltr'>τοὺς</span> <span class='ocrx_word' id='word_1_208' title='bbox 499 2909 708 2957; x_wconf 79' lang='grc' dir='ltr'>ἁρμόζοντας</span> <span class='ocrx_word' id='word_1_209' title='bbox 730 2909 851 2957; x_wconf 85' lang='grc' dir='ltr'>λόγους</span> <span class='ocrx_word' id='word_1_210' title='bbox 877 2909 981 2953; x_wconf 85' lang='grc' dir='ltr'>(ἐποι-</span> 
     </span>
    </p>
   </div>
   <div class='ocr_carea' id='block_1_3' title="bbox 1015 2475 1019 2746">
    <p class='ocr_par' dir='ltr' id='par_1_23' title="bbox 1015 2475 1019 2746">
     <span class='ocr_line' id='line_1_49' title="bbox 1015 2475 1019 2746; baseline 0 0"><span class='ocrx_word' id='word_1_211' title='bbox 1015 2475 1019 2746; x_wconf 95' lang='lat' dir='ltr'> </span> 
     </span>
    </p>
   </div>
   <div class='ocr_carea' id='block_1_4' title="bbox 1014 2748 1019 2952">
    <p class='ocr_par' dir='ltr' id='par_1_24' title="bbox 1014 2748 1019 2952">
     <span class='ocr_line' id='line_1_50' title="bbox 1014 2748 1019 2952; baseline 0 174"><span class='ocrx_word' id='word_1_212' title='bbox 1014 2748 1019 2952; x_wconf 95' lang='lat' dir='ltr'> </span> 
     </span>
    </p>
   </div>
   <div class='ocr_carea' id='block_1_5' title="bbox 938 151 1089 184">
    <p class='ocr_par' dir='ltr' id='par_1_25' title="bbox 938 151 1089 184">
     <span class='ocr_line' id='line_1_51' title="bbox 938 151 1089 184; baseline 0 0"><span class='ocrx_word' id='word_1_213' title='bbox 938 151 1089 184; x_wconf 85' lang='lat' dir='ltr'><strong>Indices.</strong></span> 
     </span>
    </p>
   </div>
   <div class='ocr_carea' id='block_1_6' title="bbox 1053 285 1858 2162">
    <p class='ocr_par' dir='ltr' id='par_1_26' title="bbox 1097 285 1810 502">
     <span class='ocr_line' id='line_1_52' title="bbox 1097 285 1809 334; baseline 0 -14"><span class='ocrx_word' id='word_1_214' title='bbox 1097 287 1237 333; x_wconf 86' lang='grc' dir='ltr'>ήσαντο)</span> <span class='ocrx_word' id='word_1_215' title='bbox 1263 287 1341 331; x_wconf 86' lang='grc'><strong>335,</strong></span> <span class='ocrx_word' id='word_1_216' title='bbox 1362 293 1438 321; x_wconf 84' lang='grc'><strong>159.</strong></span> <span class='ocrx_word' id='word_1_217' title='bbox 1485 287 1532 325; x_wconf 79' lang='grc' dir='ltr'>ὡς</span> <span class='ocrx_word' id='word_1_218' title='bbox 1555 286 1704 334; x_wconf 78' lang='grc' dir='ltr'>ἥρμοζεν</span> <span class='ocrx_word' id='word_1_219' title='bbox 1729 285 1809 321; x_wconf 84' lang='grc' dir='ltr'>ἑκά-</span> 
     </span>
     <span class='ocr_line' id='line_1_53' title="bbox 1099 343 1810 391; baseline 0 -13"><span class='ocrx_word' id='word_1_220' title='bbox 1099 355 1189 382; x_wconf 83' lang='grc' dir='ltr'>στοις</span> <span class='ocrx_word' id='word_1_221' title='bbox 1214 345 1291 388; x_wconf 87' lang='grc'><strong>383,</strong></span> <span class='ocrx_word' id='word_1_222' title='bbox 1311 352 1363 379; x_wconf 85' lang='grc'><strong>98.</strong></span> <span class='ocrx_word' id='word_1_223' title='bbox 1403 343 1547 391; x_wconf 77' lang='grc' dir='ltr'>ἁρμόζει</span> <span class='ocrx_word' id='word_1_224' title='bbox 1569 343 1633 390; x_wconf 84' lang='grc' dir='ltr'>γὰρ</span> <span class='ocrx_word' id='word_1_225' title='bbox 1655 343 1716 382; x_wconf 80' lang='grc' dir='ltr'>τὰς</span> <span class='ocrx_word' id='word_1_226' title='bbox 1742 343 1810 378; x_wconf 80' lang='grc' dir='ltr'>ἰσο-</span> 
     </span>
     <span class='ocr_line' id='line_1_54' title="bbox 1101 401 1809 448; baseline -0.003 -11"><span class='ocrx_word' id='word_1_227' title='bbox 1101 401 1202 440; x_wconf 76' lang='grc' dir='ltr'>θέους</span> <span class='ocrx_word' id='word_1_228' title='bbox 1232 401 1336 436; x_wconf 78' lang='grc' dir='ltr'>αὐτοῦ</span> <span class='ocrx_word' id='word_1_229' title='bbox 1364 401 1510 448; x_wconf 88' lang='grc' dir='ltr'>χάριτας</span> <span class='ocrx_word' id='word_1_230' title='bbox 1539 401 1638 436; x_wconf 84' lang='grc' dir='ltr'>αἰῶνι</span> <span class='ocrx_word' id='word_1_231' title='bbox 1676 413 1809 448; x_wconf 87' lang='grc' dir='ltr'>μνημο-</span> 
     </span>
     <span class='ocr_line' id='line_1_55' title="bbox 1098 458 1540 502; baseline 0.002 -9"><span class='ocrx_word' id='word_1_232' title='bbox 1098 458 1256 494; x_wconf 80' lang='grc' dir='ltr'>νεύεσθαι</span> <span class='ocrx_word' id='word_1_233' title='bbox 1279 458 1380 494; x_wconf 89' lang='grc' dir='ltr'>παντί</span> <span class='ocrx_word' id='word_1_234' title='bbox 1402 459 1480 502; x_wconf 88' lang='grc'><strong>666,</strong></span> <span class='ocrx_word' id='word_1_235' title='bbox 1499 465 1540 494; x_wconf 89' lang='grc'>20</span> 
     </span>
    </p>

    <p class='ocr_par' dir='ltr' id='par_1_27' title="bbox 1054 514 1809 619">
     <span class='ocr_line' id='line_1_56' title="bbox 1054 514 1809 563; baseline 0 -13"><span class='ocrx_word' id='word_1_236' title='bbox 1054 515 1234 563; x_wconf 80' lang='grc' dir='ltr'>ἀρνέομαι·</span> <span class='ocrx_word' id='word_1_237' title='bbox 1293 515 1380 562; x_wconf 83' lang='grc' dir='ltr'>ἅπερ</span> <span class='ocrx_word' id='word_1_238' title='bbox 1432 515 1650 562; x_wconf 84' lang='grc' dir='ltr'>ἀρνουμένων</span> <span class='ocrx_word' id='word_1_239' title='bbox 1698 514 1809 550; x_wconf 82' lang='grc' dir='ltr'>αὐτῶν</span> 
     </span>
     <span class='ocr_line' id='line_1_57' title="bbox 1098 572 1578 619; baseline 0.002 -12"><span class='ocrx_word' id='word_1_240' title='bbox 1098 573 1212 619; x_wconf 81' lang='grc' dir='ltr'>ἡδέως</span> <span class='ocrx_word' id='word_1_241' title='bbox 1237 572 1417 608; x_wconf 82' lang='grc' dir='ltr'>ἐπίστευσα</span> <span class='ocrx_word' id='word_1_242' title='bbox 1441 573 1519 617; x_wconf 87' lang='grc'><strong>484,</strong></span> <span class='ocrx_word' id='word_1_243' title='bbox 1539 580 1578 608; x_wconf 87' lang='grc'>31</span> 
     </span>
    </p>

    <p class='ocr_par' dir='ltr' id='par_1_28' title="bbox 1053 630 1436 678">
     <span class='ocr_line' id='line_1_58' title="bbox 1053 630 1436 678; baseline -0.003 -12"><span class='ocrx_word' id='word_1_244' title='bbox 1053 630 1113 678; x_wconf 76' lang='grc' dir='ltr'>άρξ</span> <span class='ocrx_word' id='word_1_245' title='bbox 1139 633 1269 674; x_wconf 58' lang='lat' dir='ltr'><em>(ursus)</em></span> <span class='ocrx_word' id='word_1_246' title='bbox 1297 631 1374 675; x_wconf 91' lang='lat'><strong>201,</strong></span> <span class='ocrx_word' id='word_1_247' title='bbox 1395 638 1436 665; x_wconf 91' lang='grc'>15</span> 
     </span>
    </p>

    <p class='ocr_par' dir='ltr' id='par_1_29' title="bbox 1053 687 1481 734">
     <span class='ocr_line' id='line_1_59' title="bbox 1053 687 1481 734; baseline -0.002 -12"><span class='ocrx_word' id='word_1_248' title='bbox 1053 688 1218 734; x_wconf 84' lang='grc' dir='ltr'>ἀροτῆρες</span> <span class='ocrx_word' id='word_1_249' title='bbox 1244 687 1320 734; x_wconf 86' lang='grc' dir='ltr'>βόες</span> <span class='ocrx_word' id='word_1_250' title='bbox 1345 688 1422 732; x_wconf 88' lang='grc'><strong>519,</strong></span> <span class='ocrx_word' id='word_1_251' title='bbox 1442 694 1481 723; x_wconf 88' lang='grc'>21</span> 
     </span>
    </p>

    <p class='ocr_par' dir='ltr' id='par_1_30' title="bbox 1053 745 1426 792">
     <span class='ocr_line' id='line_1_60' title="bbox 1053 745 1426 792; baseline -0.003 -12"><span class='ocrx_word' id='word_1_252' title='bbox 1053 745 1215 790; x_wconf 85' lang='grc' dir='ltr'>ἀρουᾶλις</span> <span class='ocrx_word' id='word_1_253' title='bbox 1240 756 1274 779; x_wconf 86' lang='lat' dir='ltr'><strong>v.</strong></span> <span class='ocrx_word' id='word_1_254' title='bbox 1300 748 1426 792; x_wconf 85' lang='grc' dir='ltr'>φρᾶτερ</span> 
     </span>
    </p>

    <p class='ocr_par' dir='ltr' id='par_1_31' title="bbox 1054 802 1394 850">
     <span class='ocr_line' id='line_1_61' title="bbox 1054 802 1394 850; baseline -0.006 -13"><span class='ocrx_word' id='word_1_255' title='bbox 1054 802 1182 850; x_wconf 81' lang='grc' dir='ltr'>ἄρουρα</span> <span class='ocrx_word' id='word_1_256' title='bbox 1207 803 1262 846; x_wconf 88' lang='grc'>90,</span> <span class='ocrx_word' id='word_1_257' title='bbox 1283 810 1335 837; x_wconf 83' lang='grc' dir='ltr'>3ο.</span> <span class='ocrx_word' id='word_1_258' title='bbox 1356 810 1394 837; x_wconf 83' lang='grc'>31</span> 
     </span>
    </p>

    <p class='ocr_par' dir='ltr' id='par_1_32' title="bbox 1053 858 1858 1077">
     <span class='ocr_line' id='line_1_62' title="bbox 1053 858 1814 905; baseline 0 -11"><span class='ocrx_word' id='word_1_259' title='bbox 1053 859 1196 905; x_wconf 81' lang='grc' dir='ltr'>ἁρπάζω</span> <span class='ocrx_word' id='word_1_260' title='bbox 1231 865 1298 893; x_wconf 91' lang='grc' dir='ltr'>τῶν</span> <span class='ocrx_word' id='word_1_261' title='bbox 1330 864 1499 905; x_wconf 87' lang='grc' dir='ltr'>γυναικῶν</span> <span class='ocrx_word' id='word_1_262' title='bbox 1534 858 1593 893; x_wconf 87' lang='grc' dir='ltr'>καὶ</span> <span class='ocrx_word' id='word_1_263' title='bbox 1621 859 1665 894; x_wconf 84' lang='grc' dir='ltr'>τὰ</span> <span class='ocrx_word' id='word_1_264' title='bbox 1697 858 1814 894; x_wconf 86' lang='grc' dir='ltr'>παιδία</span> 
     </span>
     <span class='ocr_line' id='line_1_63' title="bbox 1101 915 1812 960; baseline 0 -10"><span class='ocrx_word' id='word_1_265' title='bbox 1101 916 1212 950; x_wconf 83' lang='grc' dir='ltr'>αὐτῶν</span> <span class='ocrx_word' id='word_1_266' title='bbox 1238 917 1316 960; x_wconf 74' lang='grc'><strong>201,</strong></span> <span class='ocrx_word' id='word_1_267' title='bbox 1336 922 1390 950; x_wconf 92' lang='grc'>22.</span> <span class='ocrx_word' id='word_1_268' title='bbox 1431 915 1484 950; x_wconf 77' lang='grc' dir='ltr'>ὅτι</span> <span class='ocrx_word' id='word_1_269' title='bbox 1500 915 1715 951; x_wconf 86' lang='grc' dir='ltr'>ἀναλίσκεταί</span> <span class='ocrx_word' id='word_1_270' title='bbox 1738 928 1812 951; x_wconf 89' lang='grc' dir='ltr'>τινα</span> 
     </span>
     <span class='ocr_line' id='line_1_64' title="bbox 1100 971 1812 1019; baseline 0.001 -12"><span class='ocrx_word' id='word_1_271' title='bbox 1100 973 1321 1019; x_wconf 80' lang='grc' dir='ltr'>ἁρπαζόντων</span> <span class='ocrx_word' id='word_1_272' title='bbox 1361 971 1471 1012; x_wconf 82' lang='grc' dir='ltr'>ἀδεῶς</span> <span class='ocrx_word' id='word_1_273' title='bbox 1517 979 1586 1008; x_wconf 89' lang='grc' dir='ltr'>τῶν</span> <span class='ocrx_word' id='word_1_274' title='bbox 1634 973 1690 1008; x_wconf 81' lang='grc' dir='ltr'>ἐπὶ</span> <span class='ocrx_word' id='word_1_275' title='bbox 1735 977 1812 1012; x_wconf 88' lang='grc' dir='ltr'>ταῖς</span> 
     </span>
     <span class='ocr_line' id='line_1_65' title="bbox 1099 1029 1858 1077; baseline 0.001 -14"><span class='ocrx_word' id='word_1_276' title='bbox 1099 1029 1230 1077; x_wconf 83' lang='grc' dir='ltr'>χρείαις</span> <span class='ocrx_word' id='word_1_277' title='bbox 1254 1030 1334 1073; x_wconf 88' lang='grc'><strong>665,</strong></span> <span class='ocrx_word' id='word_1_278' title='bbox 1357 1037 1396 1064; x_wconf 82' lang='grc'>18</span> <span class='ocrx_word' id='word_1_279' title='bbox 1856 1067 1858 1071; x_wconf 63' lang='grc'><strong>,</strong></span> 
     </span>
    </p>

    <p class='ocr_par' dir='ltr' id='par_1_33' title="bbox 1054 1083 1858 1245">
     <span class='ocr_line' id='line_1_66' title="bbox 1054 1086 1811 1135; baseline 0.001 -15"><span class='ocrx_word' id='word_1_280' title='bbox 1054 1086 1165 1132; x_wconf 81' lang='grc' dir='ltr'>ἄρσις·</span> <span class='ocrx_word' id='word_1_281' title='bbox 1202 1086 1260 1121; x_wconf 88' lang='grc' dir='ltr'>καὶ</span> <span class='ocrx_word' id='word_1_282' title='bbox 1289 1086 1516 1134; x_wconf 80' lang='grc' dir='ltr'>ἀποτυχοῦσιν</span> <span class='ocrx_word' id='word_1_283' title='bbox 1549 1087 1598 1131; x_wconf 87' lang='grc' dir='ltr'>(τὸ</span> <span class='ocrx_word' id='word_1_284' title='bbox 1630 1092 1811 1135; x_wconf 87' lang='grc' dir='ltr'>προπεσεῖν</span> 
     </span>
     <span class='ocr_line' id='line_1_67' title="bbox 1101 1139 1811 1192; baseline 0.005 -15"><span class='ocrx_word' id='word_1_285' title='bbox 1101 1143 1180 1178; x_wconf 84' lang='grc' dir='ltr'>ἄνευ</span> <span class='ocrx_word' id='word_1_286' title='bbox 1196 1139 1381 1189; x_wconf 88' lang='grc' dir='ltr'>Ῥωμαίων</span> <span class='ocrx_word' id='word_1_287' title='bbox 1400 1144 1502 1191; x_wconf 85' lang='grc' dir='ltr'>ἔχειν)</span> <span class='ocrx_word' id='word_1_288' title='bbox 1526 1144 1621 1191; x_wconf 82' lang='grc' dir='ltr'>ἄρσιν</span> <span class='ocrx_word' id='word_1_289' title='bbox 1640 1145 1811 1192; x_wconf 85' lang='grc' dir='ltr'>πρόδηλον</span> 
     </span>
     <span class='ocr_line' id='line_1_68' title="bbox 1101 1202 1858 1245; baseline 0.001 -11"><span class='ocrx_word' id='word_1_290' title='bbox 1101 1202 1179 1245; x_wconf 87' lang='grc'><strong>315,</strong></span> <span class='ocrx_word' id='word_1_291' title='bbox 1199 1209 1238 1235; x_wconf 83' lang='lat'>59</span> <span class='ocrx_word' id='word_1_292' title='bbox 1850 1202 1858 1241; x_wconf 59' lang='lat' dir='ltr'>f</span> 
     </span>
    </p>

    <p class='ocr_par' dir='ltr' id='par_1_34' title="bbox 1054 1258 1858 1423">
     <span class='ocr_line' id='line_1_69' title="bbox 1054 1258 1853 1305; baseline 0.005 -13"><span class='ocrx_word' id='word_1_293' title='bbox 1054 1258 1187 1304; x_wconf 87' lang='grc' dir='ltr'>ἀρτάβη</span> <span class='ocrx_word' id='word_1_294' title='bbox 1213 1259 1268 1302; x_wconf 87' lang='grc'>90,</span> <span class='ocrx_word' id='word_1_295' title='bbox 1289 1266 1341 1294; x_wconf 91' lang='grc' dir='ltr'>3ο.</span> <span class='ocrx_word' id='word_1_296' title='bbox 1377 1258 1529 1305; x_wconf 82' lang='grc' dir='ltr'>ἀρτάβας</span> <span class='ocrx_word' id='word_1_297' title='bbox 1546 1259 1723 1299; x_wconf 85' lang='grc' dir='ltr'>διακοσίας</span> <span class='ocrx_word' id='word_1_298' title='bbox 1740 1259 1812 1296; x_wconf 83' lang='grc' dir='ltr'>ἐπι·</span> <span class='ocrx_word' id='word_1_299' title='bbox 1847 1267 1853 1287; x_wconf 70' lang='grc' dir='ltr'><em>ἒ</em></span> 
     </span>
     <span class='ocr_line' id='line_1_70' title="bbox 1099 1316 1853 1366; baseline 0.004 -17"><span class='ocrx_word' id='word_1_300' title='bbox 1099 1318 1281 1364; x_wconf 85' lang='grc' dir='ltr'>χωροΰμεν</span> <span class='ocrx_word' id='word_1_301' title='bbox 1316 1317 1392 1360; x_wconf 91' lang='grc'><strong>168,</strong></span> <span class='ocrx_word' id='word_1_302' title='bbox 1418 1323 1471 1351; x_wconf 85' lang='grc'><strong>22.</strong></span> <span class='ocrx_word' id='word_1_303' title='bbox 1522 1320 1630 1364; x_wconf 87' lang='grc' dir='ltr'>πυροῦ</span> <span class='ocrx_word' id='word_1_304' title='bbox 1663 1316 1812 1366; x_wconf 87' lang='grc' dir='ltr'>ἀρτάβας</span> <span class='ocrx_word' id='word_1_305' title='bbox 1851 1351 1853 1355; x_wconf 28' lang='lat'><em>⁴</em></span> 
     </span>
     <span class='ocr_line' id='line_1_71' title="bbox 1102 1366 1858 1423; baseline 0.003 -16"><span class='ocrx_word' id='word_1_306' title='bbox 1102 1366 1179 1418; x_wconf 84' lang='grc' dir='ltr'>ρπβ’</span> <span class='ocrx_word' id='word_1_307' title='bbox 1207 1373 1356 1417; x_wconf 81' lang='grc'><strong>177,16.</strong></span> <span class='ocrx_word' id='word_1_308' title='bbox 1383 1374 1460 1418; x_wconf 85' lang='lat'><strong>179,</strong></span> <span class='ocrx_word' id='word_1_309' title='bbox 1481 1381 1520 1408; x_wconf 77' lang='lat'>14</span> <span class='ocrx_word' id='word_1_310' title='bbox 1847 1391 1858 1423; x_wconf 66' lang='lat'>1!</span> 
     </span>
    </p>

    <p class='ocr_par' dir='ltr' id='par_1_35' title="bbox 1054 1426 1858 1476">
     <span class='ocr_line' id='line_1_72' title="bbox 1054 1426 1858 1476; baseline 0.002 -12"><span class='ocrx_word' id='word_1_311' title='bbox 1054 1429 1282 1476; x_wconf 85' lang='grc' dir='ltr'>ἀρτοκόπι(ο)ν</span> <span class='ocrx_word' id='word_1_312' title='bbox 1310 1431 1386 1475; x_wconf 90' lang='grc'><strong>177,</strong></span> <span class='ocrx_word' id='word_1_313' title='bbox 1408 1438 1446 1466; x_wconf 85' lang='grc'>19</span> <span class='ocrx_word' id='word_1_314' title='bbox 1851 1426 1858 1474; x_wconf 96' lang='grc' dir='ltr'>Ξ</span> 
     </span>
    </p>

    <p class='ocr_par' dir='ltr' id='par_1_36' title="bbox 1054 1475 1858 1533">
     <span class='ocr_line' id='line_1_73' title="bbox 1054 1475 1858 1533; baseline 0 -11"><span class='ocrx_word' id='word_1_315' title='bbox 1054 1487 1244 1533; x_wconf 83' lang='grc' dir='ltr'>ἀρτοκόπος</span> <span class='ocrx_word' id='word_1_316' title='bbox 1271 1489 1349 1532; x_wconf 88' lang='grc'><strong>345,</strong></span> <span class='ocrx_word' id='word_1_317' title='bbox 1369 1495 1408 1522; x_wconf 85' lang='grc'>21</span> <span class='ocrx_word' id='word_1_318' title='bbox 1854 1475 1858 1490; x_wconf 51' lang='lat'>¹</span> 
     </span>
    </p>

    <p class='ocr_par' dir='ltr' id='par_1_37' title="bbox 1054 1543 1814 1764">
     <span class='ocr_line' id='line_1_74' title="bbox 1054 1543 1812 1592; baseline 0.003 -14"><span class='ocrx_word' id='word_1_319' title='bbox 1054 1543 1170 1591; x_wconf 80' lang='grc' dir='ltr'>ἄρτος·</span> <span class='ocrx_word' id='word_1_320' title='bbox 1195 1546 1253 1579; x_wconf 83' lang='grc' dir='ltr'>τὸν</span> <span class='ocrx_word' id='word_1_321' title='bbox 1279 1545 1457 1591; x_wconf 87' lang='grc' dir='ltr'>διδόμενον</span> <span class='ocrx_word' id='word_1_322' title='bbox 1474 1544 1574 1592; x_wconf 79' lang='grc' dir='ltr'>ἄρτον</span> <span class='ocrx_word' id='word_1_323' title='bbox 1598 1549 1673 1584; x_wconf 89' lang='grc' dir='ltr'>ταῖς</span> <span class='ocrx_word' id='word_1_324' title='bbox 1697 1558 1812 1592; x_wconf 83' lang='grc' dir='ltr'>γυναι·</span> 
     </span>
     <span class='ocr_line' id='line_1_75' title="bbox 1102 1601 1814 1651; baseline 0.001 -15"><span class='ocrx_word' id='word_1_325' title='bbox 1102 1601 1149 1641; x_wconf 75' lang='grc' dir='ltr'>ξὶν</span> <span class='ocrx_word' id='word_1_326' title='bbox 1173 1607 1241 1636; x_wconf 91' lang='grc' dir='ltr'>τῶν</span> <span class='ocrx_word' id='word_1_327' title='bbox 1268 1602 1384 1648; x_wconf 82' lang='grc' dir='ltr'>ἱερέων</span> <span class='ocrx_word' id='word_1_328' title='bbox 1410 1602 1499 1651; x_wconf 83' lang='grc' dir='ltr'>ἔχειν</span> <span class='ocrx_word' id='word_1_329' title='bbox 1523 1602 1607 1638; x_wconf 74' lang='grc' dir='ltr'>ἴδιον</span> <span class='ocrx_word' id='word_1_330' title='bbox 1625 1603 1732 1638; x_wconf 82' lang='grc' dir='ltr'>τύπον</span> <span class='ocrx_word' id='word_1_331' title='bbox 1756 1603 1814 1638; x_wconf 89' lang='grc' dir='ltr'>καὶ</span> 
     </span>
     <span class='ocr_line' id='line_1_76' title="bbox 1099 1657 1812 1708; baseline 0.001 -15"><span class='ocrx_word' id='word_1_332' title='bbox 1099 1658 1282 1694; x_wconf 79' lang='grc' dir='ltr'>καλεῖσθαι</span> <span class='ocrx_word' id='word_1_333' title='bbox 1297 1657 1486 1706; x_wconf 89' lang='grc' dir='ltr'>Βερενίκης</span> <span class='ocrx_word' id='word_1_334' title='bbox 1501 1659 1602 1708; x_wconf 78' lang='grc' dir='ltr'>ἄρτον</span> <span class='ocrx_word' id='word_1_335' title='bbox 1620 1660 1675 1704; x_wconf 86' lang='grc'>56,</span> <span class='ocrx_word' id='word_1_336' title='bbox 1690 1666 1743 1695; x_wconf 86' lang='grc'><strong>72.</strong></span> <span class='ocrx_word' id='word_1_337' title='bbox 1759 1667 1812 1694; x_wconf 88' lang='grc'>73.</span> 
     </span>
     <span class='ocr_line' id='line_1_77' title="bbox 1101 1715 1501 1764; baseline 0.003 -13"><span class='ocrx_word' id='word_1_338' title='bbox 1101 1715 1198 1764; x_wconf 80' lang='grc' dir='ltr'>ἄρτοι</span> <span class='ocrx_word' id='word_1_339' title='bbox 1222 1716 1337 1751; x_wconf 88' lang='grc' dir='ltr'>σίτινοι</span> <span class='ocrx_word' id='word_1_340' title='bbox 1362 1718 1440 1761; x_wconf 88' lang='grc'><strong>200,</strong></span> <span class='ocrx_word' id='word_1_341' title='bbox 1461 1724 1501 1752; x_wconf 90' lang='grc'>20</span> 
     </span>
    </p>

    <p class='ocr_par' dir='ltr' id='par_1_38' title="bbox 1055 1771 1838 2162">
     <span class='ocr_line' id='line_1_78' title="bbox 1055 1771 1814 1823; baseline 0 -15"><span class='ocrx_word' id='word_1_342' title='bbox 1055 1773 1216 1821; x_wconf 88' lang='grc' dir='ltr'>ἀρχαῖος·</span> <span class='ocrx_word' id='word_1_343' title='bbox 1239 1778 1302 1819; x_wconf 86' lang='grc' dir='ltr'>τῆς</span> <span class='ocrx_word' id='word_1_344' title='bbox 1328 1773 1363 1808; x_wconf 87' lang='grc' dir='ltr'>ἐν</span> <span class='ocrx_word' id='word_1_345' title='bbox 1388 1775 1431 1823; x_wconf 80' lang='grc' dir='ltr'>τῇ</span> <span class='ocrx_word' id='word_1_346' title='bbox 1455 1771 1696 1820; x_wconf 77' lang='grc' dir='ltr'>Ἀλεξανδρέων</span> <span class='ocrx_word' id='word_1_347' title='bbox 1715 1775 1814 1821; x_wconf 76' lang='grc' dir='ltr'>χώρᾳ</span> 
     </span>
     <span class='ocr_line' id='line_1_79' title="bbox 1101 1829 1812 1879; baseline 0.001 -14"><span class='ocrx_word' id='word_1_348' title='bbox 1101 1831 1159 1865; x_wconf 84' lang='grc' dir='ltr'>καὶ</span> <span class='ocrx_word' id='word_1_349' title='bbox 1172 1832 1224 1876; x_wconf 83' lang='grc' dir='ltr'>τῷ</span> <span class='ocrx_word' id='word_1_350' title='bbox 1233 1829 1428 1879; x_wconf 81' lang='grc' dir='ltr'>Μενελαῒτῃ</span> <span class='ocrx_word' id='word_1_351' title='bbox 1443 1830 1589 1879; x_wconf 85' lang='grc' dir='ltr'>ἀρχαίας</span> <span class='ocrx_word' id='word_1_352' title='bbox 1601 1836 1664 1878; x_wconf 81' lang='grc' dir='ltr'>γῆς</span> <span class='ocrx_word' id='word_1_353' title='bbox 1675 1831 1812 1875; x_wconf 83' lang='grc'><strong>669,60.</strong></span> 
     </span>
     <span class='ocr_line' id='line_1_80' title="bbox 1101 1887 1812 1934; baseline -0.001 -12"><span class='ocrx_word' id='word_1_354' title='bbox 1101 1887 1193 1934; x_wconf 85' lang='grc' dir='ltr'>ἀγὼν</span> <span class='ocrx_word' id='word_1_355' title='bbox 1212 1889 1274 1933; x_wconf 86' lang='grc' dir='ltr'>μὲν</span> <span class='ocrx_word' id='word_1_356' title='bbox 1292 1888 1335 1934; x_wconf 87' lang='grc' dir='ltr'>δὴ</span> <span class='ocrx_word' id='word_1_357' title='bbox 1361 1888 1379 1923; x_wconf 81' lang='grc' dir='ltr'>ὁ</span> <span class='ocrx_word' id='word_1_358' title='bbox 1397 1888 1438 1923; x_wconf 85' lang='grc' dir='ltr'>ἐκ</span> <span class='ocrx_word' id='word_1_359' title='bbox 1453 1894 1521 1923; x_wconf 90' lang='grc' dir='ltr'>τῶν</span> <span class='ocrx_word' id='word_1_360' title='bbox 1538 1887 1692 1932; x_wconf 86' lang='grc' dir='ltr'>Φλαβίου</span> <span class='ocrx_word' id='word_1_361' title='bbox 1711 1887 1812 1923; x_wconf 86' lang='grc' dir='ltr'>Λυσι-</span> 
     </span>
     <span class='ocr_line' id='line_1_81' title="bbox 1102 1943 1813 1992; baseline -0.001 -13"><span class='ocrx_word' id='word_1_362' title='bbox 1102 1945 1215 1992; x_wconf 84' lang='grc' dir='ltr'>μάχου</span> <span class='ocrx_word' id='word_1_363' title='bbox 1241 1944 1417 1990; x_wconf 77' lang='grc' dir='ltr'>διαθηκῶν</span> <span class='ocrx_word' id='word_1_364' title='bbox 1435 1943 1669 1990; x_wconf 79' lang='grc' dir='ltr'>προελήλυθεν</span> <span class='ocrx_word' id='word_1_365' title='bbox 1690 1944 1738 1983; x_wconf 83' lang='grc' dir='ltr'>είς</span> <span class='ocrx_word' id='word_1_366' title='bbox 1754 1944 1813 1991; x_wconf 88' lang='grc' dir='ltr'>ἀρ-</span> 
     </span>
     <span class='ocr_line' id='line_1_82' title="bbox 1100 2000 1810 2048; baseline 0.001 -13"><span class='ocrx_word' id='word_1_367' title='bbox 1100 2001 1201 2048; x_wconf 89' lang='grc' dir='ltr'>χαίου</span> <span class='ocrx_word' id='word_1_368' title='bbox 1215 2001 1321 2047; x_wconf 82' lang='grc' dir='ltr'>πόρου</span> <span class='ocrx_word' id='word_1_369' title='bbox 1341 2001 1506 2047; x_wconf 84' lang='grc' dir='ltr'>μυριάδας</span> <span class='ocrx_word' id='word_1_370' title='bbox 1520 2000 1654 2035; x_wconf 77' lang='grc' dir='ltr'>δώδεκα</span> <span class='ocrx_word' id='word_1_371' title='bbox 1670 2001 1748 2044; x_wconf 88' lang='grc'><strong>509,</strong></span> <span class='ocrx_word' id='word_1_372' title='bbox 1759 2009 1810 2036; x_wconf 78' lang='lat'><strong>14.</strong></span> 
     </span>
     <span class='ocr_line' id='line_1_83' title="bbox 1101 2054 1813 2104; baseline 0.003 -13"><span class='ocrx_word' id='word_1_373' title='bbox 1101 2057 1215 2104; x_wconf 83' lang='grc' dir='ltr'>ὢρόγη</span> <span class='ocrx_word' id='word_1_374' title='bbox 1240 2054 1378 2104; x_wconf 84' lang='grc' dir='ltr'>Ἀγαθὸς</span> <span class='ocrx_word' id='word_1_375' title='bbox 1402 2056 1540 2102; x_wconf 87' lang='grc' dir='ltr'>Δαίμων</span> <span class='ocrx_word' id='word_1_376' title='bbox 1569 2058 1723 2103; x_wconf 85' lang='grc' dir='ltr'>ποταμὸς</span> <span class='ocrx_word' id='word_1_377' title='bbox 1754 2057 1813 2093; x_wconf 87' lang='grc' dir='ltr'>καὶ</span> 
     </span>
     <span class='ocr_line' id='line_1_84' title="bbox 1102 2113 1838 2162; baseline 0.001 -14"><span class='ocrx_word' id='word_1_378' title='bbox 1102 2113 1158 2148; x_wconf 84' lang='grc' dir='ltr'>ἐπὶ</span> <span class='ocrx_word' id='word_1_379' title='bbox 1180 2114 1219 2148; x_wconf 89' lang='grc' dir='ltr'>τὸ</span> <span class='ocrx_word' id='word_1_380' title='bbox 1245 2114 1387 2162; x_wconf 87' lang='grc' dir='ltr'>ἀρχαῖον</span> <span class='ocrx_word' id='word_1_381' title='bbox 1414 2113 1674 2160; x_wconf 73' lang='grc' dir='ltr'>ἀπεκατεστάθη</span> <span class='ocrx_word' id='word_1_382' title='bbox 1699 2115 1776 2159; x_wconf 86' lang='grc'><strong>672,</strong></span> <span class='ocrx_word' id='word_1_383' title='bbox 1792 2122 1808 2149; x_wconf 84' lang='grc'><strong>9</strong></span> <span class='ocrx_word' id='word_1_384' title='bbox 1829 2132 1838 2155; x_wconf 61' lang='grc' dir='ltr'>ς.</span> 
     </span>
    </p>
   </div>
   <div class='ocr_carea' id='block_1_7' title="bbox 1687 1519 1858 2821">
    <p class='ocr_par' dir='ltr' id='par_1_39' title="bbox 1687 1519 1858 2821">
     <span class='ocr_line' id='line_1_85' title="bbox 1842 1519 1858 1745; baseline 0 0"><span class='ocrx_word' id='word_1_385' title='bbox 1842 1519 1858 1745; x_wconf 95' lang='lat' dir='ltr'>    </span> 
     </span>
     <span class='ocr_line' id='line_1_86' title="bbox 1840 1745 1858 1957; baseline 0 -53"><span class='ocrx_word' id='word_1_386' title='bbox 1840 1745 1858 1957; x_wconf 95' lang='lat' dir='ltr'>   </span> 
     </span>
     <span class='ocr_line' id='line_1_87' title="bbox 1815 1976 1858 2186; baseline 0 0"><span class='ocrx_word' id='word_1_387' title='bbox 1815 1976 1858 2186; x_wconf 95' lang='lat' dir='ltr'>   </span> 
     </span>
     <span class='ocr_line' id='line_1_88' title="bbox 1813 2186 1858 2415; baseline 0 -42"><span class='ocrx_word' id='word_1_388' title='bbox 1813 2186 1858 2415; x_wconf 95' lang='lat' dir='ltr'>   </span> 
     </span>
     <span class='ocr_line' id='line_1_89' title="bbox 1815 2415 1858 2470; baseline 0 -40"><span class='ocrx_word' id='word_1_389' title='bbox 1815 2415 1858 2470; x_wconf 95' lang='lat' dir='ltr'>  </span> 
     </span>
     <span class='ocr_line' id='line_1_90' title="bbox 1687 2470 1858 2693; baseline 0 -150"><span class='ocrx_word' id='word_1_390' title='bbox 1687 2470 1858 2693; x_wconf 95' lang='lat' dir='ltr'>     </span> 
     </span>
     <span class='ocr_line' id='line_1_91' title="bbox 1787 2693 1855 2821; baseline 0 -107"><span class='ocrx_word' id='word_1_391' title='bbox 1787 2693 1855 2821; x_wconf 95' lang='lat' dir='ltr'>    </span> 
     </span>
    </p>
   </div>
   <div class='ocr_carea' id='block_1_8' title="bbox 1052 2170 1858 2958">
    <p class='ocr_par' dir='ltr' id='par_1_40' title="bbox 1053 2170 1557 2219">
     <span class='ocr_line' id='line_1_92' title="bbox 1053 2170 1557 2219; baseline 0 -13"><span class='ocrx_word' id='word_1_392' title='bbox 1053 2170 1264 2219; x_wconf 84' lang='grc' dir='ltr'>ἀρχαιρεσίαι</span> <span class='ocrx_word' id='word_1_393' title='bbox 1287 2172 1343 2215; x_wconf 92' lang='grc'>48,</span> <span class='ocrx_word' id='word_1_394' title='bbox 1364 2179 1416 2206; x_wconf 93' lang='grc'>11.</span> <span class='ocrx_word' id='word_1_395' title='bbox 1442 2172 1519 2215; x_wconf 88' lang='grc'><strong>527,</strong></span> <span class='ocrx_word' id='word_1_396' title='bbox 1540 2179 1557 2206; x_wconf 83' lang='lat'><strong>3</strong></span> 
     </span>
    </p>

    <p class='ocr_par' dir='ltr' id='par_1_41' title="bbox 1052 2227 1488 2276">
     <span class='ocr_line' id='line_1_93' title="bbox 1052 2227 1488 2276; baseline 0.005 -14"><span class='ocrx_word' id='word_1_397' title='bbox 1052 2227 1251 2276; x_wconf 88' lang='grc' dir='ltr'>ἀρχαιρέσια</span> <span class='ocrx_word' id='word_1_398' title='bbox 1276 2229 1354 2271; x_wconf 89' lang='grc'><strong>458,</strong></span> <span class='ocrx_word' id='word_1_399' title='bbox 1375 2235 1427 2262; x_wconf 86' lang='grc'><strong>82.</strong></span> <span class='ocrx_word' id='word_1_400' title='bbox 1448 2236 1488 2264; x_wconf 89' lang='grc'>83</span> 
     </span>
    </p>

    <p class='ocr_par' dir='ltr' id='par_1_42' title="bbox 1053 2285 1575 2332">
     <span class='ocr_line' id='line_1_94' title="bbox 1053 2285 1575 2332; baseline 0 -13"><span class='ocrx_word' id='word_1_401' title='bbox 1053 2285 1281 2332; x_wconf 84' lang='grc' dir='ltr'>ἀρχεδέατρος</span> <span class='ocrx_word' id='word_1_402' title='bbox 1308 2286 1383 2328; x_wconf 89' lang='grc'><strong>169,</strong></span> <span class='ocrx_word' id='word_1_403' title='bbox 1402 2292 1433 2319; x_wconf 86' lang='grc'>4.</span> <span class='ocrx_word' id='word_1_404' title='bbox 1462 2285 1537 2329; x_wconf 87' lang='grc'><strong>181,</strong></span> <span class='ocrx_word' id='word_1_405' title='bbox 1557 2292 1575 2319; x_wconf 78' lang='grc'><strong>4</strong></span> 
     </span>
    </p>

    <p class='ocr_par' dir='ltr' id='par_1_43' title="bbox 1053 2340 1858 2958">
     <span class='ocr_line' id='line_1_95' title="bbox 1053 2340 1809 2390; baseline 0.001 -15"><span class='ocrx_word' id='word_1_406' title='bbox 1053 2341 1210 2390; x_wconf 84' lang='grc' dir='ltr'>ἀρχεῖον·</span> <span class='ocrx_word' id='word_1_407' title='bbox 1248 2341 1282 2375; x_wconf 84' lang='grc' dir='ltr'>ἐν</span> <span class='ocrx_word' id='word_1_408' title='bbox 1313 2342 1357 2390; x_wconf 76' lang='grc' dir='ltr'>τῇ</span> <span class='ocrx_word' id='word_1_409' title='bbox 1387 2341 1469 2388; x_wconf 81' lang='grc' dir='ltr'>στοᾷ</span> <span class='ocrx_word' id='word_1_410' title='bbox 1491 2341 1555 2387; x_wconf 79' lang='grc' dir='ltr'>πρὸ</span> <span class='ocrx_word' id='word_1_411' title='bbox 1585 2344 1647 2376; x_wconf 80' lang='grc' dir='ltr'>τοῦ</span> <span class='ocrx_word' id='word_1_412' title='bbox 1670 2340 1809 2390; x_wconf 80' lang='grc' dir='ltr'>ἀρχείου</span> 
     </span>
     <span class='ocr_line' id='line_1_96' title="bbox 1100 2397 1815 2446; baseline 0.001 -14"><span class='ocrx_word' id='word_1_413' title='bbox 1100 2399 1177 2442; x_wconf 83' lang='grc'><strong>268,</strong></span> <span class='ocrx_word' id='word_1_414' title='bbox 1211 2407 1261 2434; x_wconf 84' lang='grc'>18.</span> <span class='ocrx_word' id='word_1_415' title='bbox 1323 2403 1396 2437; x_wconf 89' lang='grc' dir='ltr'>τοῖς</span> <span class='ocrx_word' id='word_1_416' title='bbox 1436 2399 1613 2433; x_wconf 84' lang='grc' dir='ltr'>ἐνεστῶσιν</span> <span class='ocrx_word' id='word_1_417' title='bbox 1659 2397 1815 2446; x_wconf 74' lang='grc' dir='ltr'>ἀρχείοις</span> 
     </span>
     <span class='ocr_line' id='line_1_97' title="bbox 1100 2454 1811 2502; baseline 0 -13"><span class='ocrx_word' id='word_1_418' title='bbox 1100 2457 1274 2500; x_wconf 77' lang='lat'><strong>218‚149.</strong></span> <span class='ocrx_word' id='word_1_419' title='bbox 1315 2455 1504 2502; x_wconf 78' lang='grc' dir='ltr'>ἀναγράψαι</span> <span class='ocrx_word' id='word_1_420' title='bbox 1533 2474 1580 2480; x_wconf 93' lang='grc'>--</span> <span class='ocrx_word' id='word_1_421' title='bbox 1609 2454 1644 2490; x_wconf 84' lang='grc' dir='ltr'>ἐν</span> <span class='ocrx_word' id='word_1_422' title='bbox 1674 2455 1727 2501; x_wconf 81' lang='grc' dir='ltr'>τῷ</span> <span class='ocrx_word' id='word_1_423' title='bbox 1749 2454 1811 2500; x_wconf 86' lang='grc' dir='ltr'>ἀρ-</span> 
     </span>
     <span class='ocr_line' id='line_1_98' title="bbox 1098 2512 1644 2560; baseline -0.002 -13"><span class='ocrx_word' id='word_1_424' title='bbox 1098 2513 1186 2560; x_wconf 85' lang='grc' dir='ltr'>χείῳ</span> <span class='ocrx_word' id='word_1_425' title='bbox 1214 2513 1248 2547; x_wconf 87' lang='grc' dir='ltr'>ἐν</span> <span class='ocrx_word' id='word_1_426' title='bbox 1277 2513 1328 2559; x_wconf 77' lang='grc' dir='ltr'>τῷ</span> <span class='ocrx_word' id='word_1_427' title='bbox 1354 2512 1462 2559; x_wconf 84' lang='grc' dir='ltr'>τοίχῳ</span> <span class='ocrx_word' id='word_1_428' title='bbox 1493 2513 1571 2555; x_wconf 89' lang='grc'><strong>228,</strong></span> <span class='ocrx_word' id='word_1_429' title='bbox 1594 2519 1644 2547; x_wconf 84' lang='grc'>18.</span> 
     </span>
     <span class='ocr_line' id='line_1_99' title="bbox 1100 2567 1811 2618; baseline 0 -16"><span class='ocrx_word' id='word_1_430' title='bbox 1100 2569 1172 2604; x_wconf 87' lang='grc' dir='ltr'>σίαν</span> <span class='ocrx_word' id='word_1_431' title='bbox 1204 2570 1320 2608; x_wconf 84' lang='grc' dir='ltr'>αὐτοῖς</span> <span class='ocrx_word' id='word_1_432' title='bbox 1360 2569 1458 2603; x_wconf 83' lang='grc' dir='ltr'>δώσω</span> <span class='ocrx_word' id='word_1_433' title='bbox 1493 2574 1562 2603; x_wconf 88' lang='grc' dir='ltr'>τῶν</span> <span class='ocrx_word' id='word_1_434' title='bbox 1591 2580 1628 2602; x_wconf 92' lang='grc' dir='ltr'>τε</span> <span class='ocrx_word' id='word_1_435' title='bbox 1663 2567 1762 2616; x_wconf 89' lang='grc' dir='ltr'>ἀρχεί</span> <span class='ocrx_word' id='word_1_436' title='bbox 1808 2615 1811 2618; x_wconf 77' lang='lat'><strong>.</strong></span> 
     </span>
     <span class='ocr_line' id='line_1_100' title="bbox 1098 2624 1813 2670; baseline -0.004 -9"><span class='ocrx_word' id='word_1_437' title='bbox 1098 2627 1156 2661; x_wconf 87' lang='grc' dir='ltr'>καὶ</span> <span class='ocrx_word' id='word_1_438' title='bbox 1179 2632 1248 2661; x_wconf 87' lang='grc' dir='ltr'>τῶν</span> <span class='ocrx_word' id='word_1_439' title='bbox 1273 2626 1387 2661; x_wconf 80' lang='grc' dir='ltr'>ἄλλων</span> <span class='ocrx_word' id='word_1_440' title='bbox 1412 2632 1479 2660; x_wconf 90' lang='grc' dir='ltr'>τῶν</span> <span class='ocrx_word' id='word_1_441' title='bbox 1507 2630 1632 2660; x_wconf 85' lang='grc' dir='ltr'>κοινῶν</span> <span class='ocrx_word' id='word_1_442' title='bbox 1661 2629 1725 2670; x_wconf 87' lang='grc' dir='ltr'>τῆς</span> <span class='ocrx_word' id='word_1_443' title='bbox 1748 2624 1813 2659; x_wconf 58' lang='lat' dir='ltr'>nd*</span> 
     </span>
     <span class='ocr_line' id='line_1_101' title="bbox 1099 2681 1786 2728; baseline -0.003 -11"><span class='ocrx_word' id='word_1_444' title='bbox 1099 2683 1186 2722; x_wconf 88' lang='grc' dir='ltr'>λεως</span> <span class='ocrx_word' id='word_1_445' title='bbox 1223 2684 1300 2728; x_wconf 88' lang='grc'><strong>229,</strong></span> <span class='ocrx_word' id='word_1_446' title='bbox 1330 2691 1383 2717; x_wconf 95' lang='grc'><strong>77.</strong></span> <span class='ocrx_word' id='word_1_447' title='bbox 1433 2682 1475 2716; x_wconf 83' lang='grc' dir='ltr'>τὰ</span> <span class='ocrx_word' id='word_1_448' title='bbox 1509 2681 1786 2727; x_wconf 85' lang='grc' dir='ltr'>παραλελειμμέν</span> 
     </span>
     <span class='ocr_line' id='line_1_102' title="bbox 1101 2738 1858 2790; baseline -0.001 -17"><span class='ocrx_word' id='word_1_449' title='bbox 1101 2739 1165 2775; x_wconf 74' lang='grc' dir='ltr'>ὑπὸ</span> <span class='ocrx_word' id='word_1_450' title='bbox 1194 2746 1261 2775; x_wconf 89' lang='grc' dir='ltr'>τῶν</span> <span class='ocrx_word' id='word_1_451' title='bbox 1298 2740 1460 2786; x_wconf 86' lang='grc' dir='ltr'>πρότερον</span> <span class='ocrx_word' id='word_1_452' title='bbox 1498 2738 1644 2786; x_wconf 84' lang='grc' dir='ltr'>ἀρχείων</span> <span class='ocrx_word' id='word_1_453' title='bbox 1674 2739 1752 2782; x_wconf 88' lang='grc'><strong>267,</strong></span> <span class='ocrx_word' id='word_1_454' title='bbox 1775 2743 1808 2772; x_wconf 55' lang='lat'>⁹*-</span> <span class='ocrx_word' id='word_1_455' title='bbox 1857 2784 1858 2790; x_wconf 17' lang='grc' dir='ltr'>γ</span> 
     </span>
     <span class='ocr_line' id='line_1_103' title="bbox 1100 2791 1858 2841; baseline -0.003 -10"><span class='ocrx_word' id='word_1_456' title='bbox 1100 2797 1173 2831; x_wconf 80' lang='grc' dir='ltr'>ὅσοι</span> <span class='ocrx_word' id='word_1_457' title='bbox 1197 2794 1221 2830; x_wconf 79' lang='grc' dir='ltr'>δ’</span> <span class='ocrx_word' id='word_1_458' title='bbox 1243 2796 1282 2831; x_wconf 81' lang='grc' dir='ltr'>ἂν</span> <span class='ocrx_word' id='word_1_459' title='bbox 1299 2801 1366 2830; x_wconf 90' lang='grc' dir='ltr'>τῶν</span> <span class='ocrx_word' id='word_1_460' title='bbox 1385 2795 1585 2841; x_wconf 86' lang='grc' dir='ltr'>ἀστυνόμων</span> <span class='ocrx_word' id='word_1_461' title='bbox 1611 2795 1660 2840; x_wconf 90' lang='grc' dir='ltr'>μὴ</span> <span class='ocrx_word' id='word_1_462' title='bbox 1682 2793 1829 2839; x_wconf 51' lang='grc' dir='ltr'>θῶνται,</span> <span class='ocrx_word' id='word_1_463' title='bbox 1857 2791 1858 2806; x_wconf 77' lang='lat'>³</span> 
     </span>
     <span class='ocr_line' id='line_1_104' title="bbox 1098 2846 1858 2908; baseline -0.003 -21"><span class='ocrx_word' id='word_1_464' title='bbox 1098 2853 1162 2899; x_wconf 86' lang='grc' dir='ltr'>τὴν</span> <span class='ocrx_word' id='word_1_465' title='bbox 1186 2853 1319 2899; x_wconf 82' lang='grc' dir='ltr'>γραφὴν</span> <span class='ocrx_word' id='word_1_466' title='bbox 1343 2858 1411 2887; x_wconf 85' lang='grc' dir='ltr'>τῶν</span> <span class='ocrx_word' id='word_1_467' title='bbox 1437 2853 1590 2899; x_wconf 85' lang='grc' dir='ltr'>φρεάτων</span> <span class='ocrx_word' id='word_1_468' title='bbox 1615 2852 1663 2890; x_wconf 77' lang='grc' dir='ltr'>εἰς</span> <span class='ocrx_word' id='word_1_469' title='bbox 1686 2852 1725 2886; x_wconf 86' lang='grc' dir='ltr'>τὸ</span> <span class='ocrx_word' id='word_1_470' title='bbox 1748 2846 1858 2908; x_wconf 37' lang='grc' dir='ltr'>ἀρ-ζκγ4</span> 
     </span>
     <span class='ocr_line' id='line_1_105' title="bbox 1097 2910 1840 2958; baseline 0 -15"><span class='ocrx_word' id='word_1_471' title='bbox 1097 2914 1193 2958; x_wconf 88' lang='grc' dir='ltr'>χεῖον</span> <span class='ocrx_word' id='word_1_472' title='bbox 1219 2910 1296 2954; x_wconf 88' lang='grc'><strong>483,</strong></span> <span class='ocrx_word' id='word_1_473' title='bbox 1317 2917 1379 2944; x_wconf 88' lang='grc'>216</span> <span class='ocrx_word' id='word_1_474' title='bbox 1822 2934 1840 2938; x_wconf 34' lang='grc' dir='ltr'><em>ψ</em></span> 
     </span>
    </p>
   </div>
  </div>
 </body>
</html>
