1858 3126
191 104 274 144 324
421 102 509 133 VIII.
545 101 694 143 Imperii
717 100 870 133 Romani
895 100 1102 142 provinciae
1126 100 1328 134 orientales.
1378 103 1410 134 7.
1434 101 1548 143 Syria.
1696 102 1774 145 [629

190 242 336 293 lapidis
362 241 615 280 latitudinem
645 240 1020 279 transcurrentium.
1069 240 1260 292 Reliquus
1286 240 1424 281 titulus
1454 242 1511 281 ita
1537 242 1771 295 dispositus,

188 313 234 349 ut
264 310 280 347 I
312 310 520 349 decretum
550 312 716 348 senatus
743 309 1077 360 Palmyrenorum
1108 320 1295 349 sermone
1317 309 1471 351 Graeco
1502 314 1543 350 et
1561 311 1774 351 Aramaico

190 381 431 431 conceptum
462 380 502 417 et
528 377 635 416 infra
654 377 695 416 id
714 389 841 416 unum
862 378 1113 417 enuntiatum
1136 377 1187 429 (v.
1215 378 1279 430 46)
1311 379 1408 417 item
1437 382 1610 431 utraque
1638 380 1775 431 lingua

190 447 407 487 contineat.
464 447 657 498 Reliquae
686 448 769 485 tres
798 446 990 498 planicies
1027 450 1246 498 praecepta
1283 447 1332 486 de
1369 447 1630 500 vectigalibus
1667 448 1775 488 aliis-

190 528 267 568 que
297 516 420 555 rebus
459 515 513 554 ad
548 515 721 554 civitatis
758 514 1150 554 administrationem
1186 516 1462 567 pecuniariam
1498 517 1773 568 spectantibus

189 585 408 637 continent,
446 585 505 623 ita
541 587 587 623 ut
625 584 660 622 II
695 583 953 623 Aramaicum
991 583 1141 623 horum
1176 588 1360 624 tenorem
1397 584 1559 638 haheat,
1595 585 1774 637 reliquae

189 654 292 693 duae
321 653 513 705 planicies
545 652 745 692 Graecum
781 664 854 704 per
894 653 1071 704 quinque
1101 653 1309 692 columnas
1347 653 1412 705 (III
1437 665 1466 692 a
1493 650 1518 692 b
1545 664 1568 693 c
1605 654 1657 692 IV
1681 665 1709 692 α
1735 651 1772 704 b)

190 723 444 774 dispositum.
506 722 664 761 Invenit
694 721 833 760 Simon
867 721 1299 761 Abamelek-Lasarew
1333 723 1523 774 princeps
1560 722 1775 762 Armenius

188 802 295 830 anno
331 791 430 829 4884
469 803 510 842 p.
535 789 644 841 Chr.,
684 790 753 841 qui
783 789 1069 842 apographum
1100 794 1139 830 et
1169 794 1360 843 ectypum
1396 792 1437 829 in
1467 791 1674 843 Europam
1705 791 1775 830 de-

186 860 289 899 tulit.
342 859 527 911 Exempli
558 858 700 898 Graeci
729 862 868 910 partes
907 859 1049 898 melius
1081 862 1342 899 conservatas
1372 859 1522 912 publici
1551 860 1650 899 iuris
1681 859 1774 899 fecit

186 928 230 967 P.
254 928 429 967 Foucart
458 927 630 967 Bulletin
651 928 700 966 de
721 939 824 966 corr.
848 927 946 966 Hell.
971 928 1022 966 VI
1055 927 1164 968 4882
1196 940 1236 980 p.
1262 927 1344 967 439
1361 940 1449 981 sqq.
1502 929 1648 967 Totum
1677 929 1774 968 titu-

185 997 270 1036 lum
314 1000 489 1048 utraque
545 997 681 1047 lingua
732 996 857 1035 edidit
904 999 944 1035 et
988 996 1205 1036 illustravit
1248 996 1441 1036 Melchior
1493 996 1675 1036 marchio
1723 998 1773 1036 de

186 1065 325 1116 Vogiie
347 1065 514 1104 Journal
532 1063 740 1115 Asiatique
762 1063 845 1102 ser.
868 1064 956 1102 VIII
985 1065 1099 1103 Tom.
1120 1065 1139 1102 Ι
1171 1064 1279 1103 4883
1310 1077 1351 1117 p.
1374 1064 1451 1105 234
1468 1076 1556 1117 sqq.
1604 1066 1714 1105 Tom.
1738 1065 1774 1103 11

185 1145 225 1185 p.
252 1133 476 1172 449-483
510 1131 602 1184 (hae
633 1132 992 1172 commentationes
1023 1133 1241 1185 separatim
1260 1145 1429 1173 recusae
1458 1137 1553 1173 sunt
1581 1133 1622 1172 in
1641 1134 1774 1173 libello

186 1202 449 1253 Inscriptions
473 1201 825 1253 palmyreniennes
846 1201 1033 1251 inedite83
1065 1213 1120 1241 un
1151 1202 1251 1241 tarif
1276 1213 1373 1242 sous
1397 1199 1582 1255 l'empire
1601 1203 1771 1254 romain,

185 1270 350 1309 Parisiis
384 1269 521 1321 4883).
580 1270 654 1309 Hic
683 1282 783 1310 usus
814 1272 876 1309 est
906 1269 1064 1309 duobus
1095 1271 1315 1310 Lasarewii
1345 1271 1500 1323 ectypis
1531 1274 1571 1310 et
1599 1271 1773 1322 imagine

185 1338 512 1391 photographica
556 1350 680 1390 quam
715 1337 911 1390 Liitticke‚
958 1340 1046 1378 vice
1091 1340 1267 1379 consulis
1312 1339 1549 1379 Germanice
1585 1339 1775 1385 Damasci
1855 1385 1858 1389 ⁴

186 1407 371 1459 fungens,
429 1407 720 1447 conficiendam
772 1410 987 1446 curaverat
1036 1411 1076 1446 et
1121 1407 1318 1447 Sachauio
1370 1409 1550 1448 miserat.
1612 1407 1773 1448 Sachau

187 1475 341 1515 Ztschr.
367 1476 438 1514 der
459 1476 496 1514 d.
519 1477 713 1526 morgenl.
739 1475 828 1514 Ges.
855 1476 963 1514 4883
995 1488 1035 1528 p.
1055 1476 1137 1515 562
1156 1489 1244 1528 sqq.
1276 1477 1494 1530 praecipue
1515 1477 1565 1516 de
1585 1488 1772 1516 sermone

185 1544 398 1583 Aramaico
429 1544 533 1583 tituli
564 1544 799 1595 disputavit.
861 1544 923 1582 Ex
953 1544 1126 1595 Eutingii
1164 1543 1402 1597 apographo
1437 1547 1566 1584 totam
1601 1545 1773 1597 inscrip-

184 1613 339 1651 tionem
355 1613 610 1652 Aramaicam
626 1614 666 1650 et
678 1614 817 1664 partes
835 1612 1011 1651 Graecae
1027 1613 1089 1653 ed.
1105 1614 1148 1652 P.
1161 1613 1388 1653 Schroeder
1403 1612 1772 1666 Sitzungsberichte

187 1681 259 1719 der
279 1682 364 1733 Kgl.
388 1681 461 1719 Ak.
486 1681 558 1720 der
577 1680 826 1719 Wissensch.
850 1693 901 1719 zu
922 1681 1055 1719 Berlin
1076 1681 1183 1720 4884
1211 1695 1251 1734 p.
1277 1680 1358 1720 447
1375 1694 1463 1734 sqq.
1514 1683 1576 1721 Ex
1595 1682 1771 1733 Eutingii

186 1751 372 1802 exemplo
404 1753 445 1789 et
474 1749 663 1789 Lfittickii
697 1748 1001 1801 photographia
1031 1749 1231 1789 Graecum
1270 1751 1431 1790 titulum
1468 1751 1769 1790 accuratissime

186 1819 388 1871 expressit
408 1822 448 1858 et
470 1818 701 1858 doctissime
720 1818 937 1857 illustravit
966 1818 1015 1856 H.
1038 1818 1193 1857 Dessau
1213 1819 1387 1858 Hermae
1406 1819 1497 1857 XIX
1517 1832 1558 1871 p.
1579 1820 1660 1858 486
1677 1831 1765 1871 sqq.

185 1888 286 1927 Fere
317 1888 461 1928 eodem
489 1891 675 1940 tempore
706 1887 768 1926 ed.
802 1886 840 1926 S.
862 1886 1293 1926 Abamelek-Lasarew
1321 1887 1513 1939 Palmyra
1540 1900 1581 1939 p.
1606 1887 1657 1926 44
1677 1900 1765 1939 sqq.

186 1956 243 1996 Cf.
287 1968 392 2008 quae
434 1958 713 2008 exposuerunt
754 1955 919 1994 Rubens
960 1956 1092 1995 Duval
1125 1956 1290 1995 Journal
1325 1955 1531 2008 Asiatique
1567 1955 1652 1995 Ser.
1680 1956 1769 1995 VIII

186 2026 229 2064 T.
257 2026 292 2063 II
328 2038 369 2077 p.
399 2023 495 2063 537.
548 2023 620 2062 Th.
650 2025 875 2063 Mommsen
911 2023 1080 2076 Ephem.
1115 2024 1239 2076 epigr.
1272 2024 1306 2062 V
1342 2036 1383 2075 p.
1414 2024 1478 2063 48.
1537 2025 1583 2064 R.
1615 2024 1768 2076 Cagnat

185 2094 324 2133 Revue
346 2093 395 2132 de
420 2092 638 2145 philologie
658 2093 745 2132 VIII
769 2093 875 2131 4884
907 2105 947 2144 p.
974 2092 1054 2131 435
1072 2105 1159 2144 sqq.
1210 2093 1255 2132 A.
1277 2092 1466 2131 Wilhelm
1494 2092 1765 2145 Arch.-epigr.

186 2163 315 2202 Mitth.
334 2173 408 2201 aus
425 2160 680 2201 Oesterreich
694 2162 767 2200 XX
786 2160 895 2200 4897
911 2175 950 2214 p.
967 2162 1032 2201 55.
1075 2162 1122 2201 U.
1136 2161 1316 2201 Wilcken
1333 2161 1378 2201 G.
1391 2161 1595 2201 Ostrakal
1614 2175 1655 2215 p.
1670 2162 1763 2201 436.

278 2336 431 2377 Litterae
458 2342 701 2382 ΕΖΘΞΠΟα).
749 2344 895 2385 Aliquot
926 2344 1015 2376 locis
1046 2343 1186 2375 litterae
1222 2344 1284 2376 ΝΤ
1313 2345 1350 2376 et
1380 2344 1438 2376 ΝΗ
1472 2343 1611 2385 ligatae.
1651 2342 1766 2376 Notae
1833 2335 1847 2391 Ξ

184 2402 387 2434 numerales
419 2401 555 2443 ubique
585 2401 688 2433 lineis
721 2401 1005 2434 horizontalibus
1036 2410 1056 2433 a
1080 2401 1269 2442 superiore
1299 2402 1403 2442 parte
1434 2401 1610 2433 traductis
1640 2400 1766 2433 distin-

184 2460 355 2500 guuntur,
381 2458 563 2490 nonnullis
589 2458 677 2490 locis
702 2458 811 2490 etiam
833 2459 1017 2500 utrimque
1038 2458 1187 2499 singulis
1205 2459 1351 2499 punctis
1375 2467 1396 2490 a
1419 2458 1560 2499 reliqua
1584 2458 1765 2499 scriptura

184 2516 412 2548 distinentur.
460 2516 499 2546 In
530 2515 761 2555 vectigalium
795 2524 947 2548 recensu
972 2516 1016 2557 (v.
1037 2517 1076 2547 47
1091 2515 1181 2557 sqq.)
1215 2516 1442 2556 singulorum
1472 2515 1633 2556 capitum
1663 2513 1764 2546 initia
1826 2550 1827 2553 Ἴ

184 2573 238 2606 sie
262 2572 476 2613 indicantur,
501 2573 543 2603 ut
567 2572 676 2613 primi
698 2581 827 2605 versus
852 2573 994 2604 initium
1021 2582 1042 2605 a
1065 2573 1210 2605 sinistra
1232 2573 1341 2604 unius
1364 2572 1503 2604 litterae
1527 2571 1644 2613 spatio
1669 2571 1764 2603 ultra
1825 2582 1827 2584 ·

184 2631 344 2673 reliquos
360 2629 573 2671 promineat.
613 2628 687 2661 Nos
713 2629 868 2670 (praeter
891 2630 979 2661 illud
997 2629 1330 2671 frequentissimum
1354 2625 1629 2671 ἐκκομισθέντος)
1653 2628 1763 2660 etiam

183 2688 304 2720 littera
328 2685 529 2719 maiuscula
558 2685 686 2717 initiali
711 2685 828 2726 capita
853 2685 1095 2718 distinximus.
1143 2685 1295 2717 Duobus
1326 2685 1414 2717 locis
1447 2685 1492 2725 (v.
1519 2685 1579 2716 464
1615 2682 1694 2720 τοὺς
1725 2683 1763 2716 δὲ
1827 2718 1858 2726 7,

184 2743 231 2781 εἰς
255 2741 377 2790 χωρία,
413 2752 448 2775 v.
469 2743 531 2774 463
555 2741 667 2774 κώνου
692 2741 749 2774 καὶ
773 2745 839 2773 τῶν
865 2740 1002 2784 ὁμοίων)
1028 2742 1125 2774 illam
1155 2741 1454 2774 consuetudinem
1485 2741 1643 2773 deseruit
1674 2740 1763 2782 lapi·
1830 2732 1858 2787 '2‘ss

185 2802 275 2843 cida,
301 2810 386 2833 cum
411 2801 449 2832 in
473 2799 592 2832 medio
616 2807 727 2832 versu
751 2800 861 2841 caput
886 2807 1023 2831 novum
1048 2799 1233 2841 inciperet,
1258 2798 1321 2831 sed
1345 2798 1418 2830 illic
1449 2799 1543 2840 octo,
1575 2798 1634 2831 hic
1658 2799 1762 2840 quat·
1831 2799 1835 2806 ’

183 2861 268 2892 tuor
292 2859 495 2891 litterarum
519 2858 636 2900 spatio
660 2865 778 2890 vacuo
802 2856 938 2889 relicto.

1822 2861 1840 2886 ὲ

1812 2943 1815 2949 ’
1848 2951 1854 2971 ε

1847 2976 1858 2990 ἓ·

1792 3058 1797 3100 3
