1858 3126
234 139 317 181 678

232 275 369 320 κύφων’
419 271 656 320 μαστιγούσθω
698 272 732 307 ἐν
771 272 822 319 τῷ
861 271 994 319 κύφωνι

278 333 357 374 483,
379 339 456 366 171.
517 329 745 378 μαστιγωθεὶς
781 329 816 364 ἐν
850 330 903 375 τῷ
933 328 993 364 κύ-

282 400 368 435 φωνι
391 389 471 432 483,
492 395 554 423 180

232 443 447 479 κωδίκιλλοι·
479 444 514 484 ἐξ
538 444 722 491 ἐπιστολῆς
750 443 809 494 καὶ
831 443 993 478 κωδικίλ-

279 502 349 537 λων
375 501 457 537 θεοῦ
481 498 650 548 Ἀδριανοῦ
676 502 754 546 543,
775 508 812 535 11

231 559 408 604 κωλυτής·
435 558 464 593 εἰ
489 558 538 604 μὴ
561 558 714 594 κωλυταί
727 571 814 597 τινες
838 557 992 605 ἐγένοντο

281 619 312 661 5,
332 625 362 651 7.
383 625 399 652 8

231 673 377 709 κωλύω”
401 672 618 708 ’κεκωλῦσθαι
634 672 696 718 τὴν
713 671 918 719 κακουργίαν
931 676 993 718 τῆς

279 737 347 766 τῶν
381 729 492 766 ἀθέων
529 729 704 778 ἀπεχθοῦς
740 728 992 776 ἐπιτηδεύσεως

281 790 421 833 569,22

231 846 442 894 κωμάρχης·
472 844 494 890 ἢ
519 843 711 892 κωμάρχας
743 843 888 882 ἄκοντας
919 855 992 877 στε-

281 906 407 950 φανοῦν
432 901 663 948 παραφύλακα
687 903 764 945 527,
786 909 824 936 10

232 959 406 1005 κωμασίαι
432 960 509 1004 194,
529 966 569 994 25

233 1018 335 1064 κώμη
368 1018 446 1061 210,
467 1025 496 1050 5.
517 1024 547 1051 8.
581 1017 659 1060 225,
680 1022 709 1049 2.
731 1023 760 1050 8.
780 1021 834 1049 21.
859 1022 912 1050 36.
937 1020 990 1048 42.

281 1075 360 1118 262,
380 1082 409 1108 6.
433 1082 483 1109 13.
508 1074 587 1118 488,
608 1082 638 1108 1.
664 1073 742 1116 527,
763 1079 814 1106 11.
841 1072 919 1115 538,
941 1079 992 1106 15.

281 1132 360 1175 612,
380 1139 411 1165 6.
447 1132 525 1175 619,
544 1138 577 1166 4.
601 1139 630 1164 5.
668 1130 747 1174 666,
769 1137 821 1164 11.
876 1134 993 1175 κῶμαι

282 1190 312 1232 1,
333 1195 384 1222 12.
422 1188 500 1232 383,
519 1195 573 1223 96.
600 1195 675 1223 140.
706 1194 876 1222 192197.
912 1187 991 1229 441,

281 1253 429 1281 96.1ο4.
454 1247 607 1290 455,14.
635 1246 712 1288 527,
731 1252 746 1277 4

230 1302 431 1349 κωμηγέται
455 1303 510 1347 97,
531 1311 570 1337 10

231 1364 394 1406 κωμῆται
417 1360 496 1404 488,
516 1367 546 1395 3.
566 1369 582 1394 7

231 1421 546 1464 κωμογραμματεῖς
571 1419 648 1462 665,
669 1425 722 1452 31.
748 1417 826 1460 666,
848 1423 885 1450 14

233 1474 426 1519 κωμῳδιῶν
452 1474 589 1522 ποιηταί
613 1476 668 1519 51,
689 1482 728 1509 34

231 1531 397 1577 κωμῳδοί
414 1533 468 1575 51,
481 1539 536 1566 49.
572 1531 759 1578 κωμῳδοῖς
775 1531 935 1568 παλαιοῖς
947 1550 992 1555 -

279 1588 368 1627 νέοις
393 1589 471 1633 352,
490 1596 532 1623 45

231 1651 342 1684 κῶνος
368 1646 446 1690 629,
468 1652 530 1680 163

230 1759 411 1808 λαγχάνω’
471 1759 551 1798 τοὺς
591 1759 759 1807 λαχόντας
804 1758 993 1806 προέδρους

282 1819 358 1861 117,
385 1825 416 1852 9.
455 1818 605 1861 118,11.
642 1817 720 1860 248,
744 1823 798 1851 28.
835 1817 912 1860 771,
937 1823 991 1850 20.

279 1874 340 1919 τὴν
370 1873 543 1922 λαχοῦσαν
581 1873 678 1909 πόλιν
714 1875 792 1918 437,
818 1881 871 1908 84.
928 1873 991 1919 τὴν

279 1931 458 1979 εἰληχεῖαν
483 1930 582 1965 πόλιν
615 1931 694 1974 437,
714 1937 768 1965 82.
816 1930 873 1965 τὸν
898 1929 991 1975 εἰλη-

279 1988 366 2036 χότα
392 1988 502 2034 δῆμον
528 1988 607 2032 437,
627 1995 665 2022 81

231 2045 379 2083 λάκκος·
411 2043 530 2089 ὀρύξας
553 2044 610 2079 τὸν
634 2044 764 2079 λάκκον
787 2047 848 2079 τοῦ
872 2043 991 2090 ὑδρεύ-

280 2113 386 2147 ματος
424 2102 501 2144 717,
527 2109 557 2136 7.
613 2100 726 2147 ὤρυξα
763 2101 820 2135 τὸν
860 2100 990 2135 λάκκον

280 2159 418 2202 717,13
947 2191 949 2193 .

232 2214 417 2260 λαμβάνω·
465 2213 631 2260 λάβεσθαι
680 2213 826 2259 (eliyere,
874 2216 991 2248 Attice

279 2270 429 2314 ἑλέσθαι)
455 2272 492 2306 δὲ
515 2271 573 2305 καὶ
596 2271 791 2317 συναγόροις
815 2271 875 2306 τάν
893 2270 990 2305 πόλιν

279 2331 371 2374 8,os

231 2386 371 2431 λαμπάς
395 2387 473 2429 764,
490 2393 543 2420 50.
563 2393 615 2420 54.
656 2385 832 2430 λαμπάδες
856 2386 933 2428 764,
947 2391 987 2418 43

231 2441 402 2489 λαμπρός·
426 2442 487 2480 τὰς
511 2442 671 2488 λαμπρὰς
695 2442 810 2480 πόλεις
835 2440 990 2486 Τερμησ-

280 2500 337 2533 obv
361 2518 407 2523 —
430 2499 489 2533 καὶ
519 2499 582 2543 τὴν
614 2496 814 2544 Καισαρέων
840 2495 990 2544 Κιβυρα-

277 2559 345 2590 τῶν
369 2559 432 2600 τῆς
455 2552 562 2593 Ἀσίας
586 2554 683 2590 πόλιν
710 2556 786 2597 566,
806 2562 859 2589 24.
902 2554 990 2599 λαμ-

279 2617 374 2659 πρῶς
413 2611 667 2659 συμποσίαρχον
707 2612 785 2655 646,
817 2618 868 2646 14.
928 2615 990 2656 τῆς

278 2668 523 2718 λαμπροτάτης
562 2666 808 2715 Ἀμαστριανῶν
856 2666 990 2705 πόλεως

280 2727 358 2771 531,
378 2734 408 2761 9.
447 2730 510 2772 τῆς
526 2725 769 2774 λαμπροτάτης
788 2722 990 2770 Καισαρέων

279 2781 482 2830 Κιβυρατῶν
499 2782 632 2821 πόλεως
654 2783 773 2826 495,3.
812 2786 875 2828 τῆς
891 2781 990 2827 λ(αμ-

278 2841 459 2887 προτάτης)
478 2839 745 2887 μ(ητροπόλεως)
762 2836 989 2885 Ἀναζαρβέων

279 2900 357 2942 577,
377 2905 406 2932 3.
446 2898 509 2942 τὴν
533 2895 776 2942 λαμπροτάτην
794 2892 988 2942 Ἀντιοχέων

950 135 1100 169 Indices.

1746 193 1819 201 -—-

1108 271 1276 307 κολωνίαν
1315 271 1339 318 ἡ
1374 271 1598 320 λαμπροτάτη
1636 270 1821 319 Λυστρέων

1108 329 1260 364 κολωνία
1283 330 1361 374 536,
1382 337 1411 364 1.
1430 337 1460 364 3.
1500 332 1561 364 τοῦ
1577 328 1819 376 λαμπροτάτου

1107 392 1174 422 τῶν
1204 386 1342 422 Λυκίων
1373 385 1494 425 ἔθνους
1529 387 1606 430 568,
1631 394 1661 422 8.
1707 384 1821 432 Ζηνο-

1109 444 1184 490 βίαν
1207 463 1256 470 ·—-
1276 445 1340 491 τὴν
1356 443 1602 490 λαμπροτάτην
1618 443 1741 490 εὐσεβῆ
1760 443 1823 489 βα·-

1110 501 1260 536 σίλισσαν
1297 501 1376 545 648,
1397 509 1427 536 1.
1475 504 1540 546 τῆς
1575 500 1821 547 λαμπροτάτης

1110 557 1306 604 βασιλίσσης
1341 559 1420 602 649,
1439 564 1470 593 2.
1527 557 1545 594 ὁ
1580 557 1820 604 λαμπρότατος

1109 614 1332 662 συνκλητικός
1365 615 1444 659 642,
1462 621 1494 650 2.
1539 615 1599 649 τὸν
1623 614 1822 662 λαμπρότα-

1107 685 1164 708 τον
1184 670 1406 717 συνκλητικόν
1431 672 1510 715 643,
1524 679 1554 706 2.
1593 672 1652 707 τὸν
1668 672 1822 720 λαμπρό-

1107 741 1208 765 τατον
1225 728 1388 764 ὑπατικόν
1414 729 1492 772 601,
1507 736 1538 763 2.
1579 728 1598 764 ὁ
1621 729 1822 775 λαμπρότα-

1107 799 1165 825 τος
1189 787 1324 834 πρώτου
1342 785 1514 833 τάγματος
1531 785 1644 833 κόμης
1667 786 1726 822 καὶ
1742 786 1822 827 δούξ

1109 844 1186 888 613,
1209 851 1237 878 1.
1282 843 1340 877 τὸν
1364 842 1605 890 λαμπρότατον
1628 847 1691 889 τῆς
1714 840 1822 882 Ἀσίας

1109 899 1304 936 ἀνθύπατον
1341 900 1420 944 518,
1439 908 1471 935 3.
1527 899 1545 934 ὁ
1579 899 1821 946 λαμπρότατος

1108 956 1225 1005 ἄρχων
1242 961 1305 1002 τῆς
1320 955 1499 1003 Ἰσαυρέων
1516 956 1682 1005 ἐπαρχίας
1700 958 1778 1000 580,
1789 965 1822 992 4.

1108 1017 1168 1048 τοῦ
1191 1013 1309 1059 κυρίου
1327 1013 1568 1060 λαμπροτάτου
1588 1012 1742 1060 ἐπάρχου
1758 1018 1821 1058 τῆς

1111 1069 1282 1117 Αἰγύπτου
1315 1072 1393 1115 722,
1413 1078 1443 1106 9.
1487 1074 1547 1106 τοῦ
1578 1069 1822 1117 λαμπροτάτου

1108 1127 1276 1174 ἡγεμόνος
1313 1129 1390 1172 723,
1418 1135 1470 1162 1ο.
1527 1127 1545 1163 ὁ
1582 1126 1822 1174 λαμπρότατος

1108 1178 1295 1223 καθολικὸς
1308 1183 1482 1233 Αἰγύπτου
1500 1186 1618 1229 686,2.
1656 1188 1717 1219 τοῦ
1733 1184 1823 1230 λαμ·
1856 1214 1858 1231 3

1109 1241 1278 1288 προτάτου
1328 1241 1568 1289 ἐπανορθωτοῦ
1607 1242 1686 1286 711,
1713 1249 1744 1276 3.
1802 1241 1820 1277 ὁ
1855 1234 1858 1267 J

1109 1298 1348 1346 λαμπρότατος
1365 1299 1516 1348 ἔπαρχος
1531 1302 1592 1333 τοῦ
1616 1299 1706 1346 ἱεροῦ
1722 1310 1822 1344 πραι-
1854 1331 1858 1347 2

1108 1355 1232 1402 τωρίου
1259 1357 1337 1400 723,
1353 1364 1382 1391 7.
1422 1355 1491 1391 ἀπό
1507 1368 1544 1390 τε
1560 1361 1628 1391 τῶν
1645 1355 1820 1403 προγόνων
1854 1352 1858 1362 ”

1109 1413 1386 1460 διασμημότατον
1419 1413 1478 1448 καὶ
1511 1411 1580 1448 ἀπὸ
1618 1417 1687 1447 τῶν
1727 1411 1821 1448 ἰδίων

1109 1471 1213 1506 αὐτοῦ
1228 1470 1448 1518 φιλοτειμιῶν
1459 1469 1698 1517 λαμπρότατον
1706 1470 1822 1514 519,3.

1109 1528 1169 1563 καὶ
1195 1528 1229 1562 ἐν
1259 1530 1303 1574 τῇ
1329 1525 1419 1573 Ἀσίᾳ
1447 1527 1689 1575 λαμπροτάτου
1720 1525 1823 1566 ἀξιώ-

1110 1597 1217 1631 ματος
1240 1586 1319 1629 470,
1339 1591 1380 1620 20

1062 1642 1277 1689 λαμπρότης·
1303 1641 1358 1676 διὰ
1381 1641 1444 1687 τὴν
1467 1660 1515 1667 —
1539 1640 1574 1675 ἐν
1596 1642 1641 1690 τῇ
1657 1638 1746 1688 Ἀσίᾳ
1761 1641 1822 1676 καὶ

1109 1700 1194 1746 πρὸς
1209 1700 1272 1746 τὴν
1289 1698 1437 1745 πατρίδα
1448 1698 1686 1747 ιλαμπρότητα
1706 1700 1785 1743 470,
1800 1707 1819 1734 8

1062 1757 1206 1803 λάμπω·
1243 1761 1316 1804 φῶς
1349 1756 1514 1802 σωτήριον
1547 1754 1699 1803 ἔλαμψεν
1731 1755 1819 1791 ὅπου

1110 1814 1230 1852 σκότος
1255 1813 1442 1848 ἐκάλυπτεν
1467 1814 1545 1857 610,
1563 1819 1582 1847 2

1062 1872 1161 1910 λαός·
1198 1870 1216 1906 ὅ
1239 1883 1277 1905 τε
1307 1871 1390 1909 λαὸς
1419 1869 1478 1905 καὶ
1507 1869 1540 1904 οἱ
1564 1868 1666 1904 ἄλλοι
1696 1869 1819 1913 πάντες

1109 1930 1170 1970 90,’
1185 1935 1236 1963 12.
1283 1927 1315 1961 εί
1338 1939 1426 1965 τινες
1449 1945 1496 1951 -
1518 1925 1598 1960 λαοὶ
1630 1925 1819 1973 μετεληλύ-

1108 1985 1206 2020 θασιν
1231 1984 1280 2022 εἰς
1297 1983 1424 2021 ἄλλους
1439 1982 1563 2021 τόπους
1589 1983 1666 2027 225,
1685 1991 1716 2018 8.
1759 1983 1819 2018 καὶ

1107 2043 1170 2088 τὴν
1196 2044 1386 2087 προσοῦσαν
1402 2042 1519 2087 χώραν
1543 2040 1603 2074 καὶ
1617 2039 1696 2079 τοὺς
1712 2039 1818 2079 λαοὺς

1107 2096 1302 2135 πανοικίους
1350 2097 1429 2141 225,
1463 2103 1515 2131 22.
1586 2097 1667 2135 τοὺς
1711 2097 1816 2135 λαούς

1107 2156 1186 2199 225,
1205 2162 1245 2189 34

1060 2210 1226 2258 λαρδηγοί
1251 2211 1329 2254 521,
1349 2217 1390 2244 25

1059 2268 1205 2314 λατόμοι
1229 2269 1307 2308 660,
1328 2275 1344 2302 3

1059 2324 1229 2372 λάφυρον
1278 2323 1368 2370 μηδὲ
1405 2322 1559 2369 λάφυρον
1604 2322 1816 2371 ἐπιδεχέσθω

1106 2383 1318 2425 437,69.72

1060 2438 1164 2484 λέβης
1190 2441 1300 2481 (uma
1321 2435 1543 2483 sepzderalis)
1569 2437 1647 2481 611,
1666 2445 1682 2471 7

1060 2496 1185 2543 λεγεών
1203 2495 1364 2542 (λεγιών)·
1388 2494 1564 2541 λεγεώνων
1583 2492 1642 2529 δύο
1658 2495 1817 2538 ”540,15.’

1105 2553 1143 2587 λε
1129 2558 1269 2600 εγιῶνος
1294 2543 1326 2586 α’
1347 2549 1488 2596 Ἀθηνᾶς
1520 2551 1597 2595 548,
1616 2558 1646 2586 9.
1691 2549 1816 2598 λεγεῶ·
1840 2547 1843 2558 ⁵

1105 2622 1163 2648 νος
1195 2602 1226 2656 β’
1250 2608 1419 2657 Τραϊανῆς
1444 2604 1610 2671 Ἰσχυρᾶς
1629 2605 1815 2654 Γορὸιανῆς

1107 2668 1185 2711 716,
1216 2675 1246 2701 4.
1307 2665 1472 2711 λεγεῶνος
1518 2655 1550 2710 γ’
1591 2651 1814 2710 Κυρηναϊκῆς

1107 2725 1185 2767 643,
1205 2732 1235 2758 7.
1272 2723 1438 2769 λεγεῶνος
1461 2719 1577 2767 τρίτης
1592 2718 1814 2768 Κυρηναϊκῆς

1107 2782 1185 2824 205,
1204 2787 1234 2815 2.
1260 2781 1406 2823 540,17.
1445 2777 1612 2823 λεγεῶνας
1637 2769 1666 2811 δ’
1690 2775 1816 2813 Σκυθι-

1106 2841 1173 2882 κῆς
1199 2838 1347 2881 543,12.
1393 2834 1555 2881 λεγιῶνος
1586 2826 1631 2881 ιβ’
1651 2845 1815 2879 κεραυνο-
1841 2823 1858 2882 {2

1106 2893 1214 2940 φόρου
1239 2894 1317 2936 489,
1337 2900 1367 2927 9.
1397 2893 1475 2935 540,
1496 2899 1548 2926 16.
1587 2889 1748 2938 λεγιῶνος
1774 2883 1817 2938 ιγ’
