<?xml version="1.0" encoding="UTF-8"?>
<!DOCTYPE html PUBLIC "-//W3C//DTD XHTML 1.0 Transitional//EN"
    "http://www.w3.org/TR/xhtml1/DTD/xhtml1-transitional.dtd">
<html xmlns="http://www.w3.org/1999/xhtml" xml:lang="en" lang="en">
 <head>
  <title>
</title>
<meta http-equiv="Content-Type" content="text/html;charset=utf-8" />
  <meta name='ocr-system' content='tesseract 3.04.00' />
  <meta name='ocr-capabilities' content='ocr_page ocr_carea ocr_par ocr_line ocrx_word'/>
</head>
<body>
  <div class='ocr_page' id='page_1' title='image "./orientisgraeciin02dittuoft/orientisgraeciin02dittuoft_0438.png"; bbox 0 0 1858 3126; ppageno 0'>
   <div class='ocr_carea' id='block_1_1' title="bbox 191 139 1771 183">
    <p class='ocr_par' dir='ltr' id='par_1_1' title="bbox 191 139 1771 183">
     <span class='ocr_line' id='line_1_1' title="bbox 191 139 1771 183; baseline 0.003 -13"><span class='ocrx_word' id='word_1_1' title='bbox 191 140 275 180; x_wconf 84' lang='lat'>424</span> <span class='ocrx_word' id='word_1_2' title='bbox 372 139 459 171; x_wconf 88' lang='lat' dir='ltr'>Vlll.</span> <span class='ocrx_word' id='word_1_3' title='bbox 497 139 642 181; x_wconf 86' lang='lat' dir='ltr'>Imperii</span> <span class='ocrx_word' id='word_1_4' title='bbox 667 139 818 172; x_wconf 87' lang='lat' dir='ltr'>Romani</span> <span class='ocrx_word' id='word_1_5' title='bbox 843 140 1052 181; x_wconf 87' lang='lat' dir='ltr'>provinciae</span> <span class='ocrx_word' id='word_1_6' title='bbox 1078 139 1282 173; x_wconf 81' lang='lat' dir='ltr'><strong>orientales.</strong></span> <span class='ocrx_word' id='word_1_7' title='bbox 1331 143 1362 173; x_wconf 84' lang='lat'><strong>9.</strong></span> <span class='ocrx_word' id='word_1_8' title='bbox 1387 140 1585 183; x_wconf 78' lang='lat' dir='ltr'>Aegyptus.</span> <span class='ocrx_word' id='word_1_9' title='bbox 1649 141 1771 183; x_wconf 78' lang='lat'>[679-</span> 
     </span>
    </p>
   </div>
   <div class='ocr_carea' id='block_1_2' title="bbox 1633 199 1774 205">
    <p class='ocr_par' dir='ltr' id='par_1_2' title="bbox 1633 199 1774 205">
     <span class='ocr_line' id='line_1_2' title="bbox 1633 199 1774 205; baseline 0 0"><span class='ocrx_word' id='word_1_10' title='bbox 1633 199 1774 205; x_wconf 95' lang='lat' dir='ltr'> </span> 
     </span>
    </p>
   </div>
   <div class='ocr_carea' id='block_1_3' title="bbox 191 278 1771 401">
    <p class='ocr_par' dir='ltr' id='par_1_3' title="bbox 191 278 1771 401">
     <span class='ocr_line' id='line_1_3' title="bbox 191 278 1771 331; baseline 0.001 -14"><span class='ocrx_word' id='word_1_11' title='bbox 191 279 371 330; x_wconf 85' lang='lat' dir='ltr'>aliosque</span> <span class='ocrx_word' id='word_1_12' title='bbox 403 279 464 318; x_wconf 90' lang='lat' dir='ltr'>ed.</span> <span class='ocrx_word' id='word_1_13' title='bbox 499 278 543 318; x_wconf 90' lang='lat' dir='ltr'>G.</span> <span class='ocrx_word' id='word_1_14' title='bbox 567 279 707 318; x_wconf 86' lang='lat' dir='ltr'>Kaibel</span> <span class='ocrx_word' id='word_1_15' title='bbox 738 279 860 318; x_wconf 88' lang='lat' dir='ltr'>Inscr.</span> <span class='ocrx_word' id='word_1_16' title='bbox 885 279 951 318; x_wconf 87' lang='lat' dir='ltr'>Gr.</span> <span class='ocrx_word' id='word_1_17' title='bbox 975 279 1051 319; x_wconf 89' lang='lat' dir='ltr'>Sic.</span> <span class='ocrx_word' id='word_1_18' title='bbox 1076 281 1116 318; x_wconf 87' lang='lat' dir='ltr'>et</span> <span class='ocrx_word' id='word_1_19' title='bbox 1135 279 1219 318; x_wconf 85' lang='lat' dir='ltr'>Ital.</span> <span class='ocrx_word' id='word_1_20' title='bbox 1247 279 1355 318; x_wconf 75' lang='lat'>⁴085</span> <span class='ocrx_word' id='word_1_21' title='bbox 1388 279 1449 331; x_wconf 86' lang='lat' dir='ltr'><strong>(R.</strong></span> <span class='ocrx_word' id='word_1_22' title='bbox 1466 279 1621 331; x_wconf 77' lang='lat' dir='ltr'>Cagnat</span> <span class='ocrx_word' id='word_1_23' title='bbox 1649 280 1771 320; x_wconf 84' lang='lat' dir='ltr'>Inscr.</span> 
     </span>
     <span class='ocr_line' id='line_1_4' title="bbox 192 345 1371 401; baseline 0 -14"><span class='ocrx_word' id='word_1_24' title='bbox 192 347 258 387; x_wconf 88' lang='lat' dir='ltr'>Gr.</span> <span class='ocrx_word' id='word_1_25' title='bbox 292 348 344 386; x_wconf 85' lang='lat' dir='ltr'>ad</span> <span class='ocrx_word' id='word_1_26' title='bbox 374 359 440 387; x_wconf 88' lang='lat' dir='ltr'>res</span> <span class='ocrx_word' id='word_1_27' title='bbox 473 348 589 387; x_wconf 88' lang='lat' dir='ltr'>Rom.</span> <span class='ocrx_word' id='word_1_28' title='bbox 612 348 756 400; x_wconf 89' lang='lat' dir='ltr'>pert.1</span> <span class='ocrx_word' id='word_1_29' title='bbox 785 360 824 400; x_wconf 90' lang='lat' dir='ltr'>p.</span> <span class='ocrx_word' id='word_1_30' title='bbox 849 348 903 387; x_wconf 83' lang='lat'>58</span> <span class='ocrx_word' id='word_1_31' title='bbox 934 360 973 387; x_wconf 91' lang='lat' dir='ltr'>n.</span> <span class='ocrx_word' id='word_1_32' title='bbox 1001 345 1109 401; x_wconf 71' lang='lat'><strong>436).</strong></span> <span class='ocrx_word' id='word_1_33' title='bbox 1366 362 1371 365; x_wconf 90' lang='lat'>·</span> 
     </span>
    </p>
   </div>
   <div class='ocr_carea' id='block_1_4' title="bbox 260 463 1778 798">
    <p class='ocr_par' dir='ltr' id='par_1_4' title="bbox 301 463 1776 592">
     <span class='ocr_line' id='line_1_5' title="bbox 303 463 1773 523; baseline 0.001 -16"><span class='ocrx_word' id='word_1_34' title='bbox 303 463 500 523; x_wconf 80' lang='grc' dir='ltr'>Ἀρχιερεῖ</span> <span class='ocrx_word' id='word_1_35' title='bbox 540 463 836 523; x_wconf 81' lang='grc' dir='ltr'>Ἀλεξανδρείας</span> <span class='ocrx_word' id='word_1_36' title='bbox 883 467 888 523; x_wconf 79' lang='lat' dir='ltr'>l</span> <span class='ocrx_word' id='word_1_37' title='bbox 934 466 1002 508; x_wconf 83' lang='grc' dir='ltr'>καὶ</span> <span class='ocrx_word' id='word_1_38' title='bbox 1048 465 1253 522; x_wconf 78' lang='grc' dir='ltr'>Αἰγύπτου</span> <span class='ocrx_word' id='word_1_39' title='bbox 1296 465 1456 523; x_wconf 76' lang='grc' dir='ltr'>πάσης1</span> <span class='ocrx_word' id='word_1_40' title='bbox 1498 466 1728 522; x_wconf 77' lang='grc' dir='ltr'>Λε-;υκί(ω)ι2</span> <span class='ocrx_word' id='word_1_41' title='bbox 1769 468 1773 522; x_wconf 87' lang='grc' dir='ltr'>Ι</span> 
     </span>
     <span class='ocr_line' id='line_1_6' title="bbox 301 532 1776 592; baseline 0.002 -16"><span class='ocrx_word' id='word_1_42' title='bbox 301 533 476 577; x_wconf 84' lang='grc' dir='ltr'>Ἰουλίωι</span> <span class='ocrx_word' id='word_1_43' title='bbox 520 532 768 591; x_wconf 81' lang='grc' dir='ltr'>Οὐηστίνωι3</span> <span class='ocrx_word' id='word_1_44' title='bbox 813 534 882 577; x_wconf 80' lang='grc' dir='ltr'>καὶ</span> <span class='ocrx_word' id='word_1_45' title='bbox 927 534 1152 592; x_wconf 61' lang='grc' dir='ltr'>ἐπισίτάτηι</span> <span class='ocrx_word' id='word_1_46' title='bbox 1196 538 1266 578; x_wconf 77' lang='grc' dir='ltr'>τοῦ</span> <span class='ocrx_word' id='word_1_47' title='bbox 1311 534 1542 579; x_wconf 79' lang='grc' dir='ltr'>Μουσείου4</span> <span class='ocrx_word' id='word_1_48' title='bbox 1586 535 1656 579; x_wconf 84' lang='grc' dir='ltr'>καὶ</span> <span class='ocrx_word' id='word_1_49' title='bbox 1710 537 1776 579; x_wconf 82' lang='grc' dir='ltr'>ἐπὶ</span> 
     </span>
    </p>

    <p class='ocr_par' dir='ltr' id='par_1_5' title="bbox 260 600 1778 798">
     <span class='ocr_line' id='line_1_7' title="bbox 260 600 1776 662; baseline 0 -16"><span class='ocrx_word' id='word_1_50' title='bbox 260 615 279 646; x_wconf 90' lang='lat'>5</span> <span class='ocrx_word' id='word_1_51' title='bbox 307 603 396 660; x_wconf 74' lang='grc' dir='ltr'>τῶΗν</span> <span class='ocrx_word' id='word_1_52' title='bbox 438 606 478 647; x_wconf 88' lang='grc' dir='ltr'>ἐν</span> <span class='ocrx_word' id='word_1_53' title='bbox 507 600 670 660; x_wconf 85' lang='grc' dir='ltr'>Ῥώμηι</span> <span class='ocrx_word' id='word_1_54' title='bbox 708 604 980 661; x_wconf 80' lang='grc' dir='ltr'>βιβλιοθηκῶν</span> <span class='ocrx_word' id='word_1_55' title='bbox 1014 602 1256 660; x_wconf 78' lang='grc' dir='ltr'>Ῥωμαϊκῶν</span> <span class='ocrx_word' id='word_1_56' title='bbox 1286 621 1329 647; x_wconf 89' lang='grc' dir='ltr'>τε</span> <span class='ocrx_word' id='word_1_57' title='bbox 1363 604 1367 662; x_wconf 91' lang='grc' dir='ltr'>Ι</span> <span class='ocrx_word' id='word_1_58' title='bbox 1400 604 1470 647; x_wconf 77' lang='grc' dir='ltr'>καὶ</span> <span class='ocrx_word' id='word_1_59' title='bbox 1499 601 1776 661; x_wconf 66' lang='grc' dir='ltr'>Ἑλληνικῶνῦ</span> 
     </span>
     <span class='ocr_line' id='line_1_8' title="bbox 305 671 1778 731; baseline 0.002 -17"><span class='ocrx_word' id='word_1_60' title='bbox 305 672 374 715; x_wconf 76' lang='grc' dir='ltr'>καὶ</span> <span class='ocrx_word' id='word_1_61' title='bbox 406 671 470 716; x_wconf 78' lang='grc' dir='ltr'>ἐπὶ</span> <span class='ocrx_word' id='word_1_62' title='bbox 502 672 507 729; x_wconf 74' lang='grc' dir='ltr'>Ι</span> <span class='ocrx_word' id='word_1_63' title='bbox 540 677 610 729; x_wconf 81' lang='grc' dir='ltr'>τῆς</span> <span class='ocrx_word' id='word_1_64' title='bbox 640 673 828 721; x_wconf 83' lang='grc' dir='ltr'>παιδείας</span> <span class='ocrx_word' id='word_1_65' title='bbox 851 671 1103 730; x_wconf 68' lang='grc' dir='ltr'>ζΑδριοινοῦθ,</span> <span class='ocrx_word' id='word_1_66' title='bbox 1136 673 1376 731; x_wconf 64' lang='grc' dir='ltr'>ἐπισξτολεῖΊ</span> <span class='ocrx_word' id='word_1_67' title='bbox 1405 677 1474 716; x_wconf 79' lang='grc' dir='ltr'>τοῦ</span> <span class='ocrx_word' id='word_1_68' title='bbox 1506 675 1629 716; x_wconf 75' lang='grc' dir='ltr'>αὐτοῦ</span> <span class='ocrx_word' id='word_1_69' title='bbox 1659 675 1778 717; x_wconf 82' lang='grc' dir='ltr'>αὖτο-</span> 
     </span>
     <span class='ocr_line' id='line_1_9' title="bbox 306 740 510 798; baseline 0 -15"><span class='ocrx_word' id='word_1_70' title='bbox 306 740 510 798; x_wconf 75' lang='grc' dir='ltr'>κράτορος.</span> 
     </span>
    </p>
   </div>
   <div class='ocr_carea' id='block_1_5' title="bbox 189 898 1791 2033">
    <p class='ocr_par' dir='ltr' id='par_1_6' title="bbox 189 898 1791 2033">
     <span class='ocr_line' id='line_1_10' title="bbox 283 898 1779 941; baseline 0.001 -11"><span class='ocrx_word' id='word_1_71' title='bbox 283 898 437 930; x_wconf 83' lang='lat' dir='ltr'>Litterae</span> <span class='ocrx_word' id='word_1_72' title='bbox 464 899 628 940; x_wconf 80' lang='lat' dir='ltr'>volgares</span> <span class='ocrx_word' id='word_1_73' title='bbox 654 901 797 941; x_wconf 87' lang='lat' dir='ltr'>praeter</span> <span class='ocrx_word' id='word_1_74' title='bbox 821 900 944 932; x_wconf 89' lang='grc' dir='ltr'>ΘΞΠΣ</span> <span class='ocrx_word' id='word_1_75' title='bbox 970 901 1055 932; x_wconf 88' lang='lat' dir='ltr'>sunt</span> <span class='ocrx_word' id='word_1_76' title='bbox 1081 900 1116 931; x_wconf 91' lang='lat' dir='ltr'>in</span> <span class='ocrx_word' id='word_1_77' title='bbox 1135 899 1301 941; x_wconf 82' lang='lat' dir='ltr'>exemplo</span> <span class='ocrx_word' id='word_1_78' title='bbox 1319 898 1544 932; x_wconf 86' lang='lat' dir='ltr'>Einsidlensi.</span> <span class='ocrx_word' id='word_1_79' title='bbox 1585 899 1624 931; x_wconf 90' lang='lat' dir='ltr'>In</span> <span class='ocrx_word' id='word_1_80' title='bbox 1648 899 1779 941; x_wconf 85' lang='lat' dir='ltr'>Signo-</span> 
     </span>
     <span class='ocr_line' id='line_1_11' title="bbox 191 956 1776 999; baseline 0.001 -11"><span class='ocrx_word' id='word_1_81' title='bbox 191 956 318 988; x_wconf 89' lang='lat' dir='ltr'>riliano</span> <span class='ocrx_word' id='word_1_82' title='bbox 345 958 531 997; x_wconf 85' lang='lat' dir='ltr'>praeterea</span> <span class='ocrx_word' id='word_1_83' title='bbox 557 957 647 988; x_wconf 89' lang='lat' dir='ltr'>mira</span> <span class='ocrx_word' id='word_1_84' title='bbox 673 956 789 989; x_wconf 81' lang='lat' dir='ltr'>forma</span> <span class='ocrx_word' id='word_1_85' title='bbox 816 957 848 988; x_wconf 64' lang='lat' dir='ltr'>-k</span> <span class='ocrx_word' id='word_1_86' title='bbox 873 965 939 998; x_wconf 91' lang='lat' dir='ltr'>pro</span> <span class='ocrx_word' id='word_1_87' title='bbox 965 958 988 989; x_wconf 88' lang='grc' dir='ltr'>Υ</span> <span class='ocrx_word' id='word_1_88' title='bbox 1015 957 1187 989; x_wconf 89' lang='lat' dir='ltr'>occurrit.</span> <span class='ocrx_word' id='word_1_89' title='bbox 1236 956 1404 989; x_wconf 89' lang='lat' dir='ltr'>Ceterum</span> <span class='ocrx_word' id='word_1_90' title='bbox 1432 957 1502 989; x_wconf 89' lang='lat' dir='ltr'>hoc</span> <span class='ocrx_word' id='word_1_91' title='bbox 1526 957 1776 999; x_wconf 82' lang='lat' dir='ltr'>apographum</span> 
     </span>
     <span class='ocr_line' id='line_1_12' title="bbox 190 1013 1778 1056; baseline 0.001 -11"><span class='ocrx_word' id='word_1_92' title='bbox 190 1015 265 1046; x_wconf 90' lang='lat' dir='ltr'>tam</span> <span class='ocrx_word' id='word_1_93' title='bbox 291 1015 506 1055; x_wconf 84' lang='lat' dir='ltr'>corruptum</span> <span class='ocrx_word' id='word_1_94' title='bbox 540 1016 604 1055; x_wconf 88' lang='lat' dir='ltr'>est,</span> <span class='ocrx_word' id='word_1_95' title='bbox 637 1014 676 1045; x_wconf 90' lang='lat' dir='ltr'>ut</span> <span class='ocrx_word' id='word_1_96' title='bbox 708 1013 782 1046; x_wconf 82' lang='lat' dir='ltr'>fere</span> <span class='ocrx_word' id='word_1_97' title='bbox 814 1013 1075 1055; x_wconf 87' lang='lat' dir='ltr'>neglegendum</span> <span class='ocrx_word' id='word_1_98' title='bbox 1109 1013 1215 1046; x_wconf 83' lang='lat' dir='ltr'>suerit</span> <span class='ocrx_word' id='word_1_99' title='bbox 1248 1014 1393 1055; x_wconf 88' lang='lat' dir='ltr'>praeter</span> <span class='ocrx_word' id='word_1_100' title='bbox 1423 1022 1561 1056; x_wconf 86' lang='lat' dir='ltr'>paucos</span> <span class='ocrx_word' id='word_1_101' title='bbox 1586 1014 1688 1047; x_wconf 87' lang='lat' dir='ltr'>locos</span> <span class='ocrx_word' id='word_1_102' title='bbox 1713 1013 1778 1046; x_wconf 87' lang='lat' dir='ltr'>ubi</span> 
     </span>
     <span class='ocr_line' id='line_1_13' title="bbox 190 1071 1770 1113; baseline 0 -10"><span class='ocrx_word' id='word_1_103' title='bbox 190 1071 347 1113; x_wconf 85' lang='lat' dir='ltr'>exempli</span> <span class='ocrx_word' id='word_1_104' title='bbox 380 1071 615 1103; x_wconf 88' lang='lat' dir='ltr'>Einsidlensis</span> <span class='ocrx_word' id='word_1_105' title='bbox 653 1072 689 1103; x_wconf 91' lang='lat' dir='ltr'>in</span> <span class='ocrx_word' id='word_1_106' title='bbox 719 1071 934 1104; x_wconf 88' lang='lat' dir='ltr'>universum</span> <span class='ocrx_word' id='word_1_107' title='bbox 966 1072 1080 1104; x_wconf 87' lang='lat' dir='ltr'>multo</span> <span class='ocrx_word' id='word_1_108' title='bbox 1112 1072 1348 1104; x_wconf 77' lang='lat' dir='ltr'><strong>accuratioris</strong></span> <span class='ocrx_word' id='word_1_109' title='bbox 1381 1071 1512 1104; x_wconf 88' lang='lat' dir='ltr'>menda</span> <span class='ocrx_word' id='word_1_110' title='bbox 1545 1071 1670 1113; x_wconf 85' lang='lat' dir='ltr'>(veluti</span> <span class='ocrx_word' id='word_1_111' title='bbox 1700 1074 1770 1105; x_wconf 73' lang='lat' dir='ltr'>v.l</span> 
     </span>
     <span class='ocr_line' id='line_1_14' title="bbox 191 1128 1776 1170; baseline 0.001 -9"><span class='ocrx_word' id='word_1_112' title='bbox 191 1130 374 1170; x_wconf 80' lang='grc' dir='ltr'>ΑΡΧΙΡΙΞΙ,</span> <span class='ocrx_word' id='word_1_113' title='bbox 408 1138 440 1160; x_wconf 92' lang='lat' dir='ltr'><strong>v.</strong></span> <span class='ocrx_word' id='word_1_114' title='bbox 461 1131 479 1160; x_wconf 85' lang='grc'><strong>2</strong></span> <span class='ocrx_word' id='word_1_115' title='bbox 507 1129 745 1169; x_wconf 87' lang='grc' dir='ltr'>ΑΙΤΥΠΤΟΥ)</span> <span class='ocrx_word' id='word_1_116' title='bbox 777 1138 821 1161; x_wconf 87' lang='lat' dir='ltr'>ex</span> <span class='ocrx_word' id='word_1_117' title='bbox 852 1138 894 1161; x_wconf 90' lang='lat' dir='ltr'>eo</span> <span class='ocrx_word' id='word_1_118' title='bbox 927 1129 1120 1161; x_wconf 90' lang='lat' dir='ltr'>emendare</span> <span class='ocrx_word' id='word_1_119' title='bbox 1151 1128 1293 1162; x_wconf 80' lang='lat' dir='ltr'>licebat.</span> <span class='ocrx_word' id='word_1_120' title='bbox 1413 1131 1426 1162; x_wconf 76' lang='grc'><strong>4</strong></span> <span class='ocrx_word' id='word_1_121' title='bbox 1463 1129 1566 1162; x_wconf 87' lang='lat' dir='ltr'>Hunc</span> <span class='ocrx_word' id='word_1_122' title='bbox 1589 1138 1776 1162; x_wconf 89' lang='lat' dir='ltr'>summum</span> 
     </span>
     <span class='ocr_line' id='line_1_15' title="bbox 191 1185 1780 1220; baseline 0.001 -2"><span class='ocrx_word' id='word_1_123' title='bbox 191 1185 418 1218; x_wconf 83' lang='lat' dir='ltr'>sacerdotem</span> <span class='ocrx_word' id='word_1_124' title='bbox 445 1186 691 1219; x_wconf 86' lang='lat' dir='ltr'>Romanorum</span> <span class='ocrx_word' id='word_1_125' title='bbox 716 1188 833 1218; x_wconf 89' lang='lat' dir='ltr'>aetate</span> <span class='ocrx_word' id='word_1_126' title='bbox 858 1187 1079 1219; x_wconf 83' lang='lat' dir='ltr'>successisse</span> <span class='ocrx_word' id='word_1_127' title='bbox 1105 1187 1140 1219; x_wconf 94' lang='lat' dir='ltr'>in</span> <span class='ocrx_word' id='word_1_128' title='bbox 1165 1187 1286 1219; x_wconf 91' lang='lat' dir='ltr'>locum</span> <span class='ocrx_word' id='word_1_129' title='bbox 1311 1186 1510 1220; x_wconf 88' lang='lat' dir='ltr'>sacerdotis</span> <span class='ocrx_word' id='word_1_130' title='bbox 1526 1186 1719 1220; x_wconf 80' lang='lat' dir='ltr'>Alexandri</span> <span class='ocrx_word' id='word_1_131' title='bbox 1744 1189 1780 1220; x_wconf 91' lang='lat' dir='ltr'>et</span> 
     </span>
     <span class='ocr_line' id='line_1_16' title="bbox 190 1244 1780 1286; baseline 0.001 -11"><span class='ocrx_word' id='word_1_132' title='bbox 190 1252 317 1284; x_wconf 84' lang='lat' dir='ltr'>regum</span> <span class='ocrx_word' id='word_1_133' title='bbox 350 1244 654 1286; x_wconf 82' lang='lat' dir='ltr'>Ptolemaeorum,</span> <span class='ocrx_word' id='word_1_134' title='bbox 687 1253 796 1286; x_wconf 84' lang='lat' dir='ltr'>quem</span> <span class='ocrx_word' id='word_1_135' title='bbox 829 1244 940 1277; x_wconf 84' lang='lat' dir='ltr'>habes</span> <span class='ocrx_word' id='word_1_136' title='bbox 974 1254 1007 1277; x_wconf 91' lang='lat' dir='ltr'>n.</span> <span class='ocrx_word' id='word_1_137' title='bbox 1026 1247 1080 1286; x_wconf 79' lang='grc'>56,</span> <span class='ocrx_word' id='word_1_138' title='bbox 1101 1247 1131 1276; x_wconf 84' lang='grc'>4.</span> <span class='ocrx_word' id='word_1_139' title='bbox 1166 1247 1220 1286; x_wconf 87' lang='grc'>90,</span> <span class='ocrx_word' id='word_1_140' title='bbox 1239 1246 1270 1286; x_wconf 82' lang='grc'>4,</span> <span class='ocrx_word' id='word_1_141' title='bbox 1305 1244 1502 1277; x_wconf 87' lang='lat' dir='ltr'>observant</span> <span class='ocrx_word' id='word_1_142' title='bbox 1532 1244 1711 1278; x_wconf 89' lang='lat' dir='ltr'>Letronne</span> <span class='ocrx_word' id='word_1_143' title='bbox 1743 1246 1780 1277; x_wconf 93' lang='lat' dir='ltr'>et</span> 
     </span>
     <span class='ocr_line' id='line_1_17' title="bbox 190 1301 1791 1344; baseline 0.001 -11"><span class='ocrx_word' id='word_1_144' title='bbox 190 1301 311 1333; x_wconf 87' lang='lat' dir='ltr'>Franz.</span> <span class='ocrx_word' id='word_1_145' title='bbox 360 1301 612 1334; x_wconf 79' lang='lat' dir='ltr'>Alexandriam</span> <span class='ocrx_word' id='word_1_146' title='bbox 644 1301 689 1334; x_wconf 88' lang='lat' dir='ltr'>ab</span> <span class='ocrx_word' id='word_1_147' title='bbox 719 1302 884 1344; x_wconf 83' lang='lat' dir='ltr'>Aegypto</span> <span class='ocrx_word' id='word_1_148' title='bbox 918 1302 1027 1334; x_wconf 90' lang='lat' dir='ltr'>simili</span> <span class='ocrx_word' id='word_1_149' title='bbox 1058 1303 1197 1335; x_wconf 90' lang='lat' dir='ltr'>ratione</span> <span class='ocrx_word' id='word_1_150' title='bbox 1229 1301 1386 1344; x_wconf 86' lang='lat' dir='ltr'>disiungi</span> <span class='ocrx_word' id='word_1_151' title='bbox 1418 1302 1455 1334; x_wconf 92' lang='lat' dir='ltr'>in</span> <span class='ocrx_word' id='word_1_152' title='bbox 1485 1302 1609 1335; x_wconf 85' lang='lat' dir='ltr'>Latino</span> <span class='ocrx_word' id='word_1_153' title='bbox 1634 1301 1791 1335; x_wconf 53' lang='lat' dir='ltr'>C.Cor⁶-⁴</span> 
     </span>
     <span class='ocr_line' id='line_1_18' title="bbox 190 1357 1776 1402; baseline 0.001 -12"><span class='ocrx_word' id='word_1_154' title='bbox 190 1359 275 1391; x_wconf 89' lang='lat' dir='ltr'>nelii</span> <span class='ocrx_word' id='word_1_155' title='bbox 300 1359 389 1391; x_wconf 86' lang='lat' dir='ltr'>Galli</span> <span class='ocrx_word' id='word_1_156' title='bbox 414 1359 520 1391; x_wconf 91' lang='lat' dir='ltr'>titulo</span> <span class='ocrx_word' id='word_1_157' title='bbox 546 1360 590 1400; x_wconf 91' lang='lat' dir='ltr'>(n.</span> <span class='ocrx_word' id='word_1_158' title='bbox 611 1358 708 1401; x_wconf 83' lang='grc'><strong>6543)</strong></span> <span class='ocrx_word' id='word_1_159' title='bbox 735 1362 771 1391; x_wconf 90' lang='lat' dir='ltr'>et</span> <span class='ocrx_word' id='word_1_160' title='bbox 795 1360 831 1391; x_wconf 92' lang='lat' dir='ltr'>in</span> <span class='ocrx_word' id='word_1_161' title='bbox 856 1360 974 1392; x_wconf 90' lang='lat' dir='ltr'>edicto</span> <span class='ocrx_word' id='word_1_162' title='bbox 1004 1360 1054 1392; x_wconf 91' lang='lat' dir='ltr'>Ti.</span> <span class='ocrx_word' id='word_1_163' title='bbox 1074 1359 1153 1392; x_wconf 87' lang='lat' dir='ltr'>Iulii</span> <span class='ocrx_word' id='word_1_164' title='bbox 1178 1357 1374 1392; x_wconf 85' lang='lat' dir='ltr'>Alexandri</span> <span class='ocrx_word' id='word_1_165' title='bbox 1397 1359 1570 1402; x_wconf 84' lang='lat' dir='ltr'>praefecti</span> <span class='ocrx_word' id='word_1_166' title='bbox 1594 1359 1638 1399; x_wconf 90' lang='lat' dir='ltr'>(u.</span> <span class='ocrx_word' id='word_1_167' title='bbox 1653 1361 1731 1402; x_wconf 77' lang='lat'>669,</span> <span class='ocrx_word' id='word_1_168' title='bbox 1748 1359 1776 1400; x_wconf 85' lang='grc'>4)</span> 
     </span>
     <span class='ocr_line' id='line_1_19' title="bbox 191 1416 1777 1460; baseline 0.001 -12"><span class='ocrx_word' id='word_1_169' title='bbox 191 1416 402 1449; x_wconf 86' lang='lat' dir='ltr'>observavit</span> <span class='ocrx_word' id='word_1_170' title='bbox 426 1417 461 1449; x_wconf 89' lang='lat' dir='ltr'>U.</span> <span class='ocrx_word' id='word_1_171' title='bbox 480 1417 646 1450; x_wconf 89' lang='lat' dir='ltr'>Wilcken</span> <span class='ocrx_word' id='word_1_172' title='bbox 672 1417 874 1450; x_wconf 82' lang='lat' dir='ltr'>zeitschrift</span> <span class='ocrx_word' id='word_1_173' title='bbox 898 1417 957 1450; x_wconf 84' lang='lat' dir='ltr'>fiir</span> <span class='ocrx_word' id='word_1_174' title='bbox 981 1426 1055 1459; x_wconf 85' lang='lat' dir='ltr'>aeg.</span> <span class='ocrx_word' id='word_1_175' title='bbox 1079 1417 1236 1460; x_wconf 87' lang='lat' dir='ltr'>Sprache</span> <span class='ocrx_word' id='word_1_176' title='bbox 1258 1416 1392 1450; x_wconf 87' lang='lat' dir='ltr'><strong>XXXV</strong></span> <span class='ocrx_word' id='word_1_177' title='bbox 1418 1419 1505 1450; x_wconf 77' lang='grc'>4897</span> <span class='ocrx_word' id='word_1_178' title='bbox 1531 1426 1566 1459; x_wconf 89' lang='lat' dir='ltr'>p.</span> <span class='ocrx_word' id='word_1_179' title='bbox 1585 1419 1628 1450; x_wconf 81' lang='lat'>75</span> <span class='ocrx_word' id='word_1_180' title='bbox 1653 1418 1728 1450; x_wconf 89' lang='lat' dir='ltr'>not.</span> <span class='ocrx_word' id='word_1_181' title='bbox 1747 1419 1777 1449; x_wconf 82' lang='lat'><strong>2.</strong></span> 
     </span>
     <span class='ocr_line' id='line_1_20' title="bbox 192 1471 1780 1521; baseline 0 -15"><span class='ocrx_word' id='word_1_182' title='bbox 192 1476 211 1505; x_wconf 82' lang='lat'>2</span> <span class='ocrx_word' id='word_1_183' title='bbox 241 1475 440 1508; x_wconf 87' lang='grc' dir='ltr'>ΛΕΥΚΙΟΙ.</span> <span class='ocrx_word' id='word_1_184' title='bbox 561 1477 578 1506; x_wconf 87' lang='grc'><strong>3</strong></span> <span class='ocrx_word' id='word_1_185' title='bbox 613 1474 662 1508; x_wconf 82' lang='lat' dir='ltr'>Cf.</span> <span class='ocrx_word' id='word_1_186' title='bbox 688 1475 815 1508; x_wconf 84' lang='lat' dir='ltr'>Suidas</span> <span class='ocrx_word' id='word_1_187' title='bbox 843 1472 1040 1519; x_wconf 70' lang='grc' dir='ltr'>Οὐηστῖνος,</span> <span class='ocrx_word' id='word_1_188' title='bbox 1066 1471 1206 1512; x_wconf 71' lang='grc' dir='ltr'>Ἰούλιος</span> <span class='ocrx_word' id='word_1_189' title='bbox 1230 1472 1455 1521; x_wconf 79' lang='grc' dir='ltr'>χρηματίσας,</span> <span class='ocrx_word' id='word_1_190' title='bbox 1490 1473 1674 1520; x_wconf 72' lang='grc' dir='ltr'>σοφιστής·</span> <span class='ocrx_word' id='word_1_191' title='bbox 1705 1471 1780 1506; x_wconf 83' lang='grc' dir='ltr'>ἐπι-</span> 
     </span>
     <span class='ocr_line' id='line_1_21' title="bbox 189 1523 1778 1578; baseline 0.001 -16"><span class='ocrx_word' id='word_1_192' title='bbox 189 1530 298 1574; x_wconf 83' lang='grc' dir='ltr'>τομὴν</span> <span class='ocrx_word' id='word_1_193' title='bbox 324 1536 391 1563; x_wconf 82' lang='grc' dir='ltr'>τῶν</span> <span class='ocrx_word' id='word_1_194' title='bbox 417 1529 601 1576; x_wconf 75' lang='grc' dir='ltr'>Παμφίλου</span> <span class='ocrx_word' id='word_1_195' title='bbox 627 1530 802 1577; x_wconf 84' lang='grc' dir='ltr'>γλωσσῶν,</span> <span class='ocrx_word' id='word_1_196' title='bbox 830 1531 967 1576; x_wconf 78' lang='grc' dir='ltr'>βίβλους</span> <span class='ocrx_word' id='word_1_197' title='bbox 993 1523 1035 1565; x_wconf 80' lang='grc' dir='ltr'>δ’·</span> <span class='ocrx_word' id='word_1_198' title='bbox 1068 1530 1214 1578; x_wconf 78' lang='grc' dir='ltr'>ἐκλογὴν</span> <span class='ocrx_word' id='word_1_199' title='bbox 1239 1530 1417 1576; x_wconf 74' lang='grc' dir='ltr'>ὀνομάτων</span> <span class='ocrx_word' id='word_1_200' title='bbox 1442 1529 1482 1565; x_wconf 73' lang='grc' dir='ltr'>ἐκ</span> <span class='ocrx_word' id='word_1_201' title='bbox 1505 1535 1572 1564; x_wconf 83' lang='grc' dir='ltr'>τῶν</span> <span class='ocrx_word' id='word_1_202' title='bbox 1596 1529 1778 1576; x_wconf 73' lang='grc' dir='ltr'>Δημοσθέ-</span> 
     </span>
     <span class='ocr_line' id='line_1_22' title="bbox 189 1584 1776 1634; baseline 0.001 -14"><span class='ocrx_word' id='word_1_203' title='bbox 189 1599 268 1625; x_wconf 85' lang='grc' dir='ltr'>νους</span> <span class='ocrx_word' id='word_1_204' title='bbox 294 1586 451 1632; x_wconf 77' lang='grc' dir='ltr'>βιβλίων·</span> <span class='ocrx_word' id='word_1_205' title='bbox 485 1587 631 1634; x_wconf 69' lang='grc' dir='ltr'>ἐκλογὴν</span> <span class='ocrx_word' id='word_1_206' title='bbox 658 1588 698 1622; x_wconf 76' lang='grc' dir='ltr'>ἐκ</span> <span class='ocrx_word' id='word_1_207' title='bbox 721 1594 788 1622; x_wconf 82' lang='grc' dir='ltr'>τῶν</span> <span class='ocrx_word' id='word_1_208' title='bbox 816 1587 1039 1632; x_wconf 76' lang='grc' dir='ltr'>Θουκυδίδου,</span> <span class='ocrx_word' id='word_1_209' title='bbox 1063 1585 1199 1631; x_wconf 82' lang='grc' dir='ltr'>Ἰσαίου,</span> <span class='ocrx_word' id='word_1_210' title='bbox 1220 1584 1438 1633; x_wconf 74' lang='grc' dir='ltr'>Ἰσοκράτους</span> <span class='ocrx_word' id='word_1_211' title='bbox 1461 1588 1520 1622; x_wconf 70' lang='grc' dir='ltr'>καὶ</span> <span class='ocrx_word' id='word_1_212' title='bbox 1545 1586 1776 1633; x_wconf 78' lang='grc' dir='ltr'>Θρασυμάχου</span> 
     </span>
     <span class='ocr_line' id='line_1_23' title="bbox 191 1644 1778 1691; baseline 0 -13"><span class='ocrx_word' id='word_1_213' title='bbox 191 1647 250 1678; x_wconf 76' lang='grc' dir='ltr'>τοῦ</span> <span class='ocrx_word' id='word_1_214' title='bbox 276 1644 431 1691; x_wconf 74' lang='grc' dir='ltr'>ῥήτορος,</span> <span class='ocrx_word' id='word_1_215' title='bbox 455 1645 514 1679; x_wconf 72' lang='grc' dir='ltr'>καὶ</span> <span class='ocrx_word' id='word_1_216' title='bbox 537 1650 604 1678; x_wconf 82' lang='grc' dir='ltr'>τῶν</span> <span class='ocrx_word' id='word_1_217' title='bbox 630 1644 744 1679; x_wconf 83' lang='grc' dir='ltr'>ἄλλων</span> <span class='ocrx_word' id='word_1_218' title='bbox 772 1646 936 1691; x_wconf 74' lang='grc' dir='ltr'>ῥητόρων.</span> <span class='ocrx_word' id='word_1_219' title='bbox 978 1648 1028 1679; x_wconf 91' lang='lat' dir='ltr'>De</span> <span class='ocrx_word' id='word_1_220' title='bbox 1053 1647 1155 1680; x_wconf 90' lang='lat' dir='ltr'>libris</span> <span class='ocrx_word' id='word_1_221' title='bbox 1172 1647 1310 1680; x_wconf 86' lang='lat' dir='ltr'>Vestini</span> <span class='ocrx_word' id='word_1_222' title='bbox 1332 1647 1400 1680; x_wconf 88' lang='lat' dir='ltr'>alia</span> <span class='ocrx_word' id='word_1_223' title='bbox 1423 1647 1634 1680; x_wconf 88' lang='lat' dir='ltr'>testimonia</span> <span class='ocrx_word' id='word_1_224' title='bbox 1657 1646 1778 1679; x_wconf 86' lang='lat' dir='ltr'>attulit</span> 
     </span>
     <span class='ocr_line' id='line_1_24' title="bbox 190 1703 1778 1747; baseline 0 -11"><span class='ocrx_word' id='word_1_225' title='bbox 190 1704 234 1736; x_wconf 88' lang='lat' dir='ltr'>M.</span> <span class='ocrx_word' id='word_1_226' title='bbox 253 1703 374 1746; x_wconf 90' lang='lat' dir='ltr'>Haupt</span> <span class='ocrx_word' id='word_1_227' title='bbox 391 1703 521 1746; x_wconf 91' lang='lat' dir='ltr'>Opusc.</span> <span class='ocrx_word' id='word_1_228' title='bbox 539 1704 569 1735; x_wconf 92' lang='lat' dir='ltr'>II</span> <span class='ocrx_word' id='word_1_229' title='bbox 594 1713 629 1746; x_wconf 89' lang='lat' dir='ltr'>p.</span> <span class='ocrx_word' id='word_1_230' title='bbox 648 1705 725 1736; x_wconf 85' lang='grc'><strong>435.</strong></span> <span class='ocrx_word' id='word_1_231' title='bbox 768 1703 816 1736; x_wconf 83' lang='lat' dir='ltr'>Cf.</span> <span class='ocrx_word' id='word_1_232' title='bbox 844 1705 1056 1746; x_wconf 87' lang='lat' dir='ltr'>Prosopogr.</span> <span class='ocrx_word' id='word_1_233' title='bbox 1080 1705 1167 1746; x_wconf 88' lang='lat' dir='ltr'>imp.</span> <span class='ocrx_word' id='word_1_234' title='bbox 1187 1705 1288 1737; x_wconf 84' lang='lat' dir='ltr'>Rom.</span> <span class='ocrx_word' id='word_1_235' title='bbox 1307 1705 1337 1736; x_wconf 86' lang='lat'>11</span> <span class='ocrx_word' id='word_1_236' title='bbox 1362 1713 1396 1747; x_wconf 92' lang='lat' dir='ltr'>p.</span> <span class='ocrx_word' id='word_1_237' title='bbox 1414 1706 1478 1736; x_wconf 83' lang='grc'>220</span> <span class='ocrx_word' id='word_1_238' title='bbox 1506 1713 1541 1737; x_wconf 91' lang='lat' dir='ltr'>n.</span> <span class='ocrx_word' id='word_1_239' title='bbox 1559 1705 1636 1737; x_wconf 83' lang='grc'><strong>409.</strong></span> <span class='ocrx_word' id='word_1_240' title='bbox 1677 1703 1778 1736; x_wconf 82' lang='lat' dir='ltr'>Cete-</span> 
     </span>
     <span class='ocr_line' id='line_1_25' title="bbox 190 1760 1776 1804; baseline 0 -11"><span class='ocrx_word' id='word_1_241' title='bbox 190 1770 275 1793; x_wconf 91' lang='lat' dir='ltr'>rum</span> <span class='ocrx_word' id='word_1_242' title='bbox 311 1761 371 1793; x_wconf 91' lang='lat' dir='ltr'>hic</span> <span class='ocrx_word' id='word_1_243' title='bbox 406 1761 554 1793; x_wconf 85' lang='lat' dir='ltr'>videtur</span> <span class='ocrx_word' id='word_1_244' title='bbox 589 1770 632 1793; x_wconf 90' lang='lat' dir='ltr'>ex</span> <span class='ocrx_word' id='word_1_245' title='bbox 668 1762 824 1803; x_wconf 89' lang='lat' dir='ltr'>posteris</span> <span class='ocrx_word' id='word_1_246' title='bbox 861 1761 957 1793; x_wconf 87' lang='lat' dir='ltr'>illius</span> <span class='ocrx_word' id='word_1_247' title='bbox 993 1761 1073 1793; x_wconf 91' lang='lat' dir='ltr'>Iulii</span> <span class='ocrx_word' id='word_1_248' title='bbox 1103 1761 1241 1794; x_wconf 90' lang='lat' dir='ltr'>Vestini</span> <span class='ocrx_word' id='word_1_249' title='bbox 1278 1770 1368 1804; x_wconf 91' lang='lat' dir='ltr'>esse,</span> <span class='ocrx_word' id='word_1_250' title='bbox 1405 1770 1514 1804; x_wconf 90' lang='lat' dir='ltr'>quem</span> <span class='ocrx_word' id='word_1_251' title='bbox 1552 1760 1776 1803; x_wconf 73' lang='lat' dir='ltr'>praefectum</span> 
     </span>
     <span class='ocr_line' id='line_1_26' title="bbox 190 1817 1775 1862; baseline 0 -12"><span class='ocrx_word' id='word_1_252' title='bbox 190 1818 347 1860; x_wconf 84' lang='lat' dir='ltr'>Aegypti</span> <span class='ocrx_word' id='word_1_253' title='bbox 374 1819 530 1861; x_wconf 90' lang='lat' dir='ltr'>septimo</span> <span class='ocrx_word' id='word_1_254' title='bbox 555 1818 711 1851; x_wconf 89' lang='lat' dir='ltr'>Neronis</span> <span class='ocrx_word' id='word_1_255' title='bbox 737 1828 830 1851; x_wconf 91' lang='lat' dir='ltr'>anno</span> <span class='ocrx_word' id='word_1_256' title='bbox 856 1817 941 1862; x_wconf 71' lang='grc'><strong>(6014</strong></span> <span class='ocrx_word' id='word_1_257' title='bbox 963 1828 996 1860; x_wconf 90' lang='lat' dir='ltr'>p.</span> <span class='ocrx_word' id='word_1_258' title='bbox 1007 1818 1088 1851; x_wconf 88' lang='lat' dir='ltr'>Chr.</span> <span class='ocrx_word' id='word_1_259' title='bbox 1106 1819 1151 1859; x_wconf 85' lang='lat' dir='ltr'>n.)</span> <span class='ocrx_word' id='word_1_260' title='bbox 1175 1818 1287 1851; x_wconf 89' lang='lat' dir='ltr'>babes</span> <span class='ocrx_word' id='word_1_261' title='bbox 1313 1828 1346 1851; x_wconf 90' lang='lat' dir='ltr'>n.</span> <span class='ocrx_word' id='word_1_262' title='bbox 1363 1821 1440 1861; x_wconf 86' lang='grc'>667,</span> <span class='ocrx_word' id='word_1_263' title='bbox 1455 1821 1486 1851; x_wconf 87' lang='grc'>3.</span> <span class='ocrx_word' id='word_1_264' title='bbox 1505 1820 1536 1851; x_wconf 88' lang='grc'>4.</span> <span class='ocrx_word' id='word_1_265' title='bbox 1563 1820 1775 1860; x_wconf 78' lang='grc'><strong>668,43.44.</strong></span> 
     </span>
     <span class='ocr_line' id='line_1_27' title="bbox 193 1875 1776 1918; baseline 0.001 -12"><span class='ocrx_word' id='word_1_266' title='bbox 193 1878 209 1906; x_wconf 88' lang='grc'><strong>4</strong></span> <span class='ocrx_word' id='word_1_267' title='bbox 245 1876 296 1908; x_wconf 82' lang='lat' dir='ltr'>Cf.</span> <span class='ocrx_word' id='word_1_268' title='bbox 330 1886 362 1909; x_wconf 91' lang='lat' dir='ltr'>n.</span> <span class='ocrx_word' id='word_1_269' title='bbox 391 1878 467 1918; x_wconf 84' lang='grc'>404,</span> <span class='ocrx_word' id='word_1_270' title='bbox 494 1878 511 1908; x_wconf 84' lang='grc'><strong>4</strong></span> <span class='ocrx_word' id='word_1_271' title='bbox 544 1885 627 1908; x_wconf 91' lang='lat' dir='ltr'>cum</span> <span class='ocrx_word' id='word_1_272' title='bbox 666 1877 738 1908; x_wconf 89' lang='lat' dir='ltr'>not.</span> <span class='ocrx_word' id='word_1_273' title='bbox 773 1879 802 1908; x_wconf 87' lang='grc'>6.</span> <span class='ocrx_word' id='word_1_274' title='bbox 850 1878 927 1918; x_wconf 78' lang='grc'>447,</span> <span class='ocrx_word' id='word_1_275' title='bbox 954 1878 972 1907; x_wconf 88' lang='grc'><strong>2</strong></span> <span class='ocrx_word' id='word_1_276' title='bbox 1010 1884 1094 1908; x_wconf 90' lang='lat' dir='ltr'>cum</span> <span class='ocrx_word' id='word_1_277' title='bbox 1126 1877 1201 1908; x_wconf 90' lang='lat' dir='ltr'>not.</span> <span class='ocrx_word' id='word_1_278' title='bbox 1228 1877 1256 1908; x_wconf 88' lang='grc'>4.</span> <span class='ocrx_word' id='word_1_279' title='bbox 1310 1875 1435 1907; x_wconf 89' lang='lat' dir='ltr'>Utrum</span> <span class='ocrx_word' id='word_1_280' title='bbox 1473 1876 1570 1907; x_wconf 87' lang='lat' dir='ltr'>recte</span> <span class='ocrx_word' id='word_1_281' title='bbox 1606 1875 1776 1908; x_wconf 87' lang='lat' dir='ltr'>Franzius</span> 
     </span>
     <span class='ocr_line' id='line_1_28' title="bbox 193 1932 1775 1975; baseline 0 -10"><span class='ocrx_word' id='word_1_282' title='bbox 193 1933 240 1975; x_wconf 93' lang='lat' dir='ltr'>(C.</span> <span class='ocrx_word' id='word_1_283' title='bbox 259 1934 282 1965; x_wconf 90' lang='lat'><strong>1.</strong></span> <span class='ocrx_word' id='word_1_284' title='bbox 303 1934 340 1966; x_wconf 91' lang='lat' dir='ltr'>G.</span> <span class='ocrx_word' id='word_1_285' title='bbox 358 1934 403 1965; x_wconf 91' lang='lat' dir='ltr'>Ill</span> <span class='ocrx_word' id='word_1_286' title='bbox 430 1943 462 1975; x_wconf 86' lang='lat' dir='ltr'>p.</span> <span class='ocrx_word' id='word_1_287' title='bbox 484 1936 547 1965; x_wconf 85' lang='grc'>307</span> <span class='ocrx_word' id='word_1_288' title='bbox 562 1932 592 1966; x_wconf 89' lang='lat' dir='ltr'>b.</span> <span class='ocrx_word' id='word_1_289' title='bbox 614 1935 724 1974; x_wconf 57' lang='lat'><strong>3⁴50.)</strong></span> <span class='ocrx_word' id='word_1_290' title='bbox 756 1942 800 1966; x_wconf 89' lang='lat' dir='ltr'>ex</span> <span class='ocrx_word' id='word_1_291' title='bbox 831 1934 901 1966; x_wconf 91' lang='lat' dir='ltr'>hoc</span> <span class='ocrx_word' id='word_1_292' title='bbox 925 1933 1031 1966; x_wconf 87' lang='lat' dir='ltr'>titulo</span> <span class='ocrx_word' id='word_1_293' title='bbox 1058 1933 1254 1975; x_wconf 84' lang='lat' dir='ltr'>collegerit,</span> <span class='ocrx_word' id='word_1_294' title='bbox 1280 1933 1440 1974; x_wconf 87' lang='lat' dir='ltr'>regimen</span> <span class='ocrx_word' id='word_1_295' title='bbox 1467 1932 1580 1964; x_wconf 87' lang='lat' dir='ltr'>Musei</span> <span class='ocrx_word' id='word_1_296' title='bbox 1605 1940 1690 1964; x_wconf 91' lang='lat' dir='ltr'>cum</span> <span class='ocrx_word' id='word_1_297' title='bbox 1714 1933 1775 1965; x_wconf 90' lang='lat' dir='ltr'>illo</span> 
     </span>
     <span class='ocr_line' id='line_1_29' title="bbox 192 1989 1776 2033; baseline -0.001 -10"><span class='ocrx_word' id='word_1_298' title='bbox 192 2000 338 2024; x_wconf 91' lang='lat' dir='ltr'>summo</span> <span class='ocrx_word' id='word_1_299' title='bbox 373 1991 574 2024; x_wconf 90' lang='lat' dir='ltr'>sacerdotio</span> <span class='ocrx_word' id='word_1_300' title='bbox 612 1993 787 2033; x_wconf 89' lang='lat' dir='ltr'>perpetuo</span> <span class='ocrx_word' id='word_1_301' title='bbox 821 1991 1051 2024; x_wconf 90' lang='lat' dir='ltr'>coniunctam</span> <span class='ocrx_word' id='word_1_302' title='bbox 1082 1990 1204 2032; x_wconf 81' lang='lat' dir='ltr'>fuisse,</span> <span class='ocrx_word' id='word_1_303' title='bbox 1238 1999 1283 2022; x_wconf 91' lang='lat' dir='ltr'>an</span> <span class='ocrx_word' id='word_1_304' title='bbox 1313 1997 1402 2022; x_wconf 89' lang='lat' dir='ltr'>casu</span> <span class='ocrx_word' id='word_1_305' title='bbox 1425 1994 1504 2022; x_wconf 82' lang='lat' dir='ltr'>tum</span> <span class='ocrx_word' id='word_1_306' title='bbox 1537 1989 1632 2022; x_wconf 89' lang='lat' dir='ltr'>idem</span> <span class='ocrx_word' id='word_1_307' title='bbox 1667 1990 1776 2022; x_wconf 89' lang='lat' dir='ltr'>homo</span> 
     </span>
    </p>
   </div>
   <div class='ocr_carea' id='block_1_6' title="bbox 191 2046 1847 2089">
    <p class='ocr_par' dir='ltr' id='par_1_7' title="bbox 191 2046 1847 2089">
     <span class='ocr_line' id='line_1_30' title="bbox 191 2046 1847 2089; baseline -0.001 -9"><span class='ocrx_word' id='word_1_308' title='bbox 191 2048 362 2080; x_wconf 89' lang='lat' dir='ltr'>Vestinus</span> <span class='ocrx_word' id='word_1_309' title='bbox 388 2050 587 2089; x_wconf 86' lang='lat' dir='ltr'>utrumque</span> <span class='ocrx_word' id='word_1_310' title='bbox 612 2049 774 2089; x_wconf 85' lang='lat' dir='ltr'>gesserit,</span> <span class='ocrx_word' id='word_1_311' title='bbox 802 2057 873 2081; x_wconf 91' lang='lat' dir='ltr'>non</span> <span class='ocrx_word' id='word_1_312' title='bbox 898 2048 1000 2081; x_wconf 82' lang='lat' dir='ltr'>facile</span> <span class='ocrx_word' id='word_1_313' title='bbox 1025 2050 1079 2080; x_wconf 91' lang='lat' dir='ltr'>est</span> <span class='ocrx_word' id='word_1_314' title='bbox 1104 2047 1317 2088; x_wconf 83' lang='lat' dir='ltr'>diiudicatu3</span> <span class='ocrx_word' id='word_1_315' title='bbox 1350 2048 1473 2079; x_wconf 84' lang='lat' dir='ltr'>tamen</span> <span class='ocrx_word' id='word_1_316' title='bbox 1503 2046 1573 2080; x_wconf 89' lang='lat' dir='ltr'>hoc</span> <span class='ocrx_word' id='word_1_317' title='bbox 1597 2047 1778 2089; x_wconf 84' lang='lat' dir='ltr'>praetule-</span> <span class='ocrx_word' id='word_1_318' title='bbox 1845 2063 1847 2066; x_wconf 61' lang='lat'>&lt;</span> 
     </span>
    </p>
   </div>
   <div class='ocr_carea' id='block_1_7' title="bbox 190 2103 1778 2204">
    <p class='ocr_par' dir='ltr' id='par_1_8' title="bbox 190 2103 1778 2204">
     <span class='ocr_line' id='line_1_31' title="bbox 190 2103 1778 2147; baseline -0.001 -10"><span class='ocrx_word' id='word_1_319' title='bbox 190 2106 271 2147; x_wconf 88' lang='lat' dir='ltr'>rim,</span> <span class='ocrx_word' id='word_1_320' title='bbox 305 2105 599 2146; x_wconf 89' lang='lat' dir='ltr'>quandoquidem</span> <span class='ocrx_word' id='word_1_321' title='bbox 638 2107 829 2147; x_wconf 88' lang='lat' dir='ltr'>proprium</span> <span class='ocrx_word' id='word_1_322' title='bbox 870 2105 936 2138; x_wconf 87' lang='lat' dir='ltr'>fuit</span> <span class='ocrx_word' id='word_1_323' title='bbox 972 2106 1007 2137; x_wconf 92' lang='lat' dir='ltr'>in</span> <span class='ocrx_word' id='word_1_324' title='bbox 1040 2106 1164 2138; x_wconf 85' lang='lat' dir='ltr'>Museo</span> <span class='ocrx_word' id='word_1_325' title='bbox 1201 2104 1446 2137; x_wconf 87' lang='lat' dir='ltr'>sacerdotium</span> <span class='ocrx_word' id='word_1_326' title='bbox 1482 2104 1667 2137; x_wconf 83' lang='lat' dir='ltr'>Musarum</span> <span class='ocrx_word' id='word_1_327' title='bbox 1708 2103 1778 2145; x_wconf 90' lang='lat' dir='ltr'>(vel</span> 
     </span>
     <span class='ocr_line' id='line_1_32' title="bbox 190 2161 1777 2204; baseline -0.001 -8"><span class='ocrx_word' id='word_1_328' title='bbox 190 2164 315 2196; x_wconf 88' lang='lat' dir='ltr'>Musae</span> <span class='ocrx_word' id='word_1_329' title='bbox 348 2162 459 2204; x_wconf 71' lang='lat'>⁴474),</span> <span class='ocrx_word' id='word_1_330' title='bbox 493 2171 653 2204; x_wconf 88' lang='lat' dir='ltr'>quocum</span> <span class='ocrx_word' id='word_1_331' title='bbox 685 2163 783 2195; x_wconf 89' lang='lat' dir='ltr'>illam</span> <span class='ocrx_word' id='word_1_332' title='bbox 821 2161 1012 2196; x_wconf 79' lang='grc' dir='ltr'>ἐπιστασίαν</span> <span class='ocrx_word' id='word_1_333' title='bbox 1048 2163 1279 2195; x_wconf 88' lang='lat' dir='ltr'>coniunctam</span> <span class='ocrx_word' id='word_1_334' title='bbox 1311 2161 1423 2194; x_wconf 81' lang='lat' dir='ltr'>fuisse</span> <span class='ocrx_word' id='word_1_335' title='bbox 1459 2161 1686 2204; x_wconf 89' lang='lat' dir='ltr'>probabilius</span> <span class='ocrx_word' id='word_1_336' title='bbox 1722 2163 1777 2194; x_wconf 87' lang='lat' dir='ltr'>est</span> 
     </span>
    </p>
   </div>
   <div class='ocr_carea' id='block_1_8' title="bbox 192 2219 1858 2322">
    <p class='ocr_par' dir='ltr' id='par_1_9' title="bbox 192 2219 1858 2322">
     <span class='ocr_line' id='line_1_33' title="bbox 192 2219 1858 2263; baseline -0.001 -10"><span class='ocrx_word' id='word_1_337' title='bbox 192 2230 303 2263; x_wconf 90' lang='lat' dir='ltr'>quam</span> <span class='ocrx_word' id='word_1_338' title='bbox 328 2229 412 2252; x_wconf 89' lang='lat' dir='ltr'>cum</span> <span class='ocrx_word' id='word_1_339' title='bbox 437 2220 497 2252; x_wconf 93' lang='lat' dir='ltr'>illo</span> <span class='ocrx_word' id='word_1_340' title='bbox 523 2220 634 2252; x_wconf 89' lang='lat' dir='ltr'>totius</span> <span class='ocrx_word' id='word_1_341' title='bbox 659 2221 867 2261; x_wconf 89' lang='lat' dir='ltr'>provinciae</span> <span class='ocrx_word' id='word_1_342' title='bbox 892 2229 1081 2253; x_wconf 85' lang='lat' dir='ltr'>sacrorum</span> <span class='ocrx_word' id='word_1_343' title='bbox 1106 2220 1276 2253; x_wconf 87' lang='lat' dir='ltr'>antistitis</span> <span class='ocrx_word' id='word_1_344' title='bbox 1301 2220 1451 2252; x_wconf 89' lang='lat' dir='ltr'>honore.</span> <span class='ocrx_word' id='word_1_345' title='bbox 1500 2219 1626 2262; x_wconf 83' lang='lat' dir='ltr'>Utique</span> <span class='ocrx_word' id='word_1_346' title='bbox 1651 2219 1778 2252; x_wconf 86' lang='lat' dir='ltr'>distin·</span> <span class='ocrx_word' id='word_1_347' title='bbox 1847 2220 1858 2257; x_wconf 63' lang='grc' dir='ltr'>,τ’</span> 
     </span>
     <span class='ocr_line' id='line_1_34' title="bbox 193 2275 1853 2322; baseline -0.002 -12"><span class='ocrx_word' id='word_1_348' title='bbox 193 2278 357 2320; x_wconf 85' lang='lat' dir='ltr'>guendus</span> <span class='ocrx_word' id='word_1_349' title='bbox 389 2277 434 2309; x_wconf 91' lang='lat' dir='ltr'>ab</span> <span class='ocrx_word' id='word_1_350' title='bbox 465 2277 521 2309; x_wconf 89' lang='lat' dir='ltr'>his</span> <span class='ocrx_word' id='word_1_351' title='bbox 554 2276 805 2309; x_wconf 87' lang='lat' dir='ltr'>sacerdotibus</span> <span class='ocrx_word' id='word_1_352' title='bbox 836 2279 871 2309; x_wconf 93' lang='lat' dir='ltr'>et</span> <span class='ocrx_word' id='word_1_353' title='bbox 902 2278 1093 2319; x_wconf 85' lang='lat' dir='ltr'>praefectis</span> <span class='ocrx_word' id='word_1_354' title='bbox 1123 2278 1237 2310; x_wconf 89' lang='lat' dir='ltr'>Musei</span> <span class='ocrx_word' id='word_1_355' title='bbox 1277 2275 1294 2309; x_wconf 88' lang='grc' dir='ltr'>ὁ</span> <span class='ocrx_word' id='word_1_356' title='bbox 1324 2275 1527 2322; x_wconf 80' lang='grc' dir='ltr'>τεταγμένος</span> <span class='ocrx_word' id='word_1_357' title='bbox 1558 2275 1613 2310; x_wconf 81' lang='grc' dir='ltr'>ἐπὶ</span> <span class='ocrx_word' id='word_1_358' title='bbox 1642 2278 1705 2320; x_wconf 80' lang='grc' dir='ltr'>τῆς</span> <span class='ocrx_word' id='word_1_359' title='bbox 1741 2275 1776 2309; x_wconf 80' lang='grc' dir='ltr'>ἐν</span> <span class='ocrx_word' id='word_1_360' title='bbox 1840 2282 1853 2315; x_wconf 62' lang='grc' dir='ltr'>ς</span> 
     </span>
    </p>
   </div>
   <div class='ocr_carea' id='block_1_9' title="bbox 192 2330 1776 2379">
    <p class='ocr_par' dir='ltr' id='par_1_10' title="bbox 192 2330 1776 2379">
     <span class='ocr_line' id='line_1_35' title="bbox 192 2330 1776 2379; baseline -0.001 -11"><span class='ocrx_word' id='word_1_361' title='bbox 192 2332 422 2379; x_wconf 74' lang='grc' dir='ltr'>Ἀλεξανδρείᾳ</span> <span class='ocrx_word' id='word_1_362' title='bbox 447 2332 597 2379; x_wconf 80' lang='grc' dir='ltr'>μεγάλης</span> <span class='ocrx_word' id='word_1_363' title='bbox 624 2330 858 2378; x_wconf 70' lang='grc' dir='ltr'>βυβλιοθήκης</span> <span class='ocrx_word' id='word_1_364' title='bbox 883 2344 916 2367; x_wconf 94' lang='lat' dir='ltr'>n.</span> <span class='ocrx_word' id='word_1_365' title='bbox 938 2338 1013 2376; x_wconf 74' lang='lat'>⁴72,</span> <span class='ocrx_word' id='word_1_366' title='bbox 1033 2338 1062 2368; x_wconf 80' lang='lat'><strong>5.</strong></span> <span class='ocrx_word' id='word_1_367' title='bbox 1082 2338 1112 2367; x_wconf 83' lang='lat'><strong>6.</strong></span> <span class='ocrx_word' id='word_1_368' title='bbox 1232 2338 1250 2367; x_wconf 89' lang='grc'><strong>5</strong></span> <span class='ocrx_word' id='word_1_369' title='bbox 1285 2335 1359 2367; x_wconf 81' lang='lat' dir='ltr'>Iam</span> <span class='ocrx_word' id='word_1_370' title='bbox 1375 2335 1560 2376; x_wconf 74' lang='lat' dir='ltr'>Augustus</span> <span class='ocrx_word' id='word_1_371' title='bbox 1585 2333 1676 2366; x_wconf 76' lang='lat' dir='ltr'>duas</span> <span class='ocrx_word' id='word_1_372' title='bbox 1692 2341 1776 2366; x_wconf 85' lang='lat' dir='ltr'>con-</span> 
     </span>
    </p>
   </div>
   <div class='ocr_carea' id='block_1_10' title="bbox 191 2390 1841 2435">
    <p class='ocr_par' dir='ltr' id='par_1_11' title="bbox 191 2390 1841 2435">
     <span class='ocr_line' id='line_1_36' title="bbox 191 2390 1841 2435; baseline -0.001 -10"><span class='ocrx_word' id='word_1_373' title='bbox 191 2392 332 2425; x_wconf 88' lang='lat' dir='ltr'>diderat</span> <span class='ocrx_word' id='word_1_374' title='bbox 348 2391 587 2424; x_wconf 84' lang='lat' dir='ltr'>bibliothecas</span> <span class='ocrx_word' id='word_1_375' title='bbox 604 2390 781 2433; x_wconf 84' lang='lat' dir='ltr'>publicas,</span> <span class='ocrx_word' id='word_1_376' title='bbox 807 2400 961 2432; x_wconf 85' lang='lat' dir='ltr'>quarum</span> <span class='ocrx_word' id='word_1_377' title='bbox 983 2395 1137 2434; x_wconf 90' lang='lat' dir='ltr'>utraque</span> <span class='ocrx_word' id='word_1_378' title='bbox 1154 2395 1190 2424; x_wconf 91' lang='lat' dir='ltr'>et</span> <span class='ocrx_word' id='word_1_379' title='bbox 1202 2392 1348 2425; x_wconf 90' lang='lat' dir='ltr'>Latinos</span> <span class='ocrx_word' id='word_1_380' title='bbox 1365 2394 1401 2424; x_wconf 91' lang='lat' dir='ltr'>et</span> <span class='ocrx_word' id='word_1_381' title='bbox 1414 2392 1568 2424; x_wconf 85' lang='lat' dir='ltr'>Graecos</span> <span class='ocrx_word' id='word_1_382' title='bbox 1585 2390 1698 2423; x_wconf 88' lang='lat' dir='ltr'>libros</span> <span class='ocrx_word' id='word_1_383' title='bbox 1715 2390 1777 2423; x_wconf 85' lang='lat' dir='ltr'>ha·</span> <span class='ocrx_word' id='word_1_384' title='bbox 1839 2432 1841 2435; x_wconf 14' lang='grc' dir='ltr'><em>Α</em></span> 
     </span>
    </p>
   </div>
   <div class='ocr_carea' id='block_1_11' title="bbox 193 2447 1775 2548">
    <p class='ocr_par' dir='ltr' id='par_1_12' title="bbox 193 2447 1775 2548">
     <span class='ocr_line' id='line_1_37' title="bbox 193 2447 1774 2492; baseline -0.001 -10"><span class='ocrx_word' id='word_1_385' title='bbox 193 2450 313 2491; x_wconf 88' lang='lat' dir='ltr'>bebat,</span> <span class='ocrx_word' id='word_1_386' title='bbox 340 2450 375 2481; x_wconf 92' lang='lat' dir='ltr'>in</span> <span class='ocrx_word' id='word_1_387' title='bbox 400 2449 535 2490; x_wconf 89' lang='lat' dir='ltr'>templo</span> <span class='ocrx_word' id='word_1_388' title='bbox 561 2448 737 2490; x_wconf 85' lang='lat' dir='ltr'>Apollinis</span> <span class='ocrx_word' id='word_1_389' title='bbox 763 2448 910 2480; x_wconf 83' lang='lat' dir='ltr'>Palatini</span> <span class='ocrx_word' id='word_1_390' title='bbox 936 2451 971 2481; x_wconf 91' lang='lat' dir='ltr'>et</span> <span class='ocrx_word' id='word_1_391' title='bbox 995 2451 1030 2482; x_wconf 93' lang='lat' dir='ltr'>in</span> <span class='ocrx_word' id='word_1_392' title='bbox 1056 2451 1200 2492; x_wconf 88' lang='lat' dir='ltr'>porticu</span> <span class='ocrx_word' id='word_1_393' title='bbox 1227 2450 1406 2491; x_wconf 88' lang='lat' dir='ltr'>Octaviae,</span> <span class='ocrx_word' id='word_1_394' title='bbox 1440 2449 1565 2491; x_wconf 87' lang='lat' dir='ltr'>eisque</span> <span class='ocrx_word' id='word_1_395' title='bbox 1588 2455 1707 2490; x_wconf 88' lang='lat' dir='ltr'>usque</span> <span class='ocrx_word' id='word_1_396' title='bbox 1731 2447 1774 2481; x_wconf 89' lang='lat' dir='ltr'>ad</span> 
     </span>
     <span class='ocr_line' id='line_1_38' title="bbox 193 2505 1775 2548; baseline -0.001 -9"><span class='ocrx_word' id='word_1_397' title='bbox 193 2507 334 2540; x_wconf 88' lang='lat' dir='ltr'>Traiani</span> <span class='ocrx_word' id='word_1_398' title='bbox 349 2507 592 2548; x_wconf 89' lang='lat' dir='ltr'>principatum</span> <span class='ocrx_word' id='word_1_399' title='bbox 607 2507 782 2547; x_wconf 86' lang='lat' dir='ltr'>quattuor</span> <span class='ocrx_word' id='word_1_400' title='bbox 795 2506 883 2538; x_wconf 88' lang='lat' dir='ltr'>aliae</span> <span class='ocrx_word' id='word_1_401' title='bbox 897 2509 1132 2539; x_wconf 84' lang='lat' dir='ltr'>accesserant.</span> <span class='ocrx_word' id='word_1_402' title='bbox 1159 2507 1393 2539; x_wconf 87' lang='lat' dir='ltr'>Accuratiora</span> <span class='ocrx_word' id='word_1_403' title='bbox 1406 2516 1440 2539; x_wconf 84' lang='lat' dir='ltr'><strong>v.</strong></span> <span class='ocrx_word' id='word_1_404' title='bbox 1455 2506 1552 2548; x_wconf 88' lang='lat' dir='ltr'>apud</span> <span class='ocrx_word' id='word_1_405' title='bbox 1566 2505 1604 2540; x_wconf 84' lang='lat' dir='ltr'><strong>K.</strong></span> <span class='ocrx_word' id='word_1_406' title='bbox 1614 2505 1775 2546; x_wconf 82' lang='lat' dir='ltr'>Diatzko,</span> 
     </span>
    </p>
   </div>
   <div class='ocr_carea' id='block_1_12' title="bbox 193 2561 1840 2666">
    <p class='ocr_par' dir='ltr' id='par_1_13' title="bbox 193 2561 1840 2666">
     <span class='ocr_line' id='line_1_39' title="bbox 193 2561 1839 2606; baseline -0.001 -10"><span class='ocrx_word' id='word_1_407' title='bbox 193 2561 536 2606; x_wconf 86' lang='lat' dir='ltr'>Pauly-Wissowa&#39;s</span> <span class='ocrx_word' id='word_1_408' title='bbox 560 2563 907 2605; x_wconf 75' lang='lat' dir='ltr'>Realencyklopadie</span> <span class='ocrx_word' id='word_1_409' title='bbox 931 2564 987 2604; x_wconf 79' lang='lat'>111,</span> <span class='ocrx_word' id='word_1_410' title='bbox 1015 2566 1027 2594; x_wconf 74' lang='grc'><strong>4</strong></span> <span class='ocrx_word' id='word_1_411' title='bbox 1059 2573 1094 2605; x_wconf 91' lang='lat' dir='ltr'>p.</span> <span class='ocrx_word' id='word_1_412' title='bbox 1120 2566 1183 2595; x_wconf 78' lang='grc'>448</span> <span class='ocrx_word' id='word_1_413' title='bbox 1199 2573 1277 2606; x_wconf 90' lang='lat' dir='ltr'>sqq.</span> <span class='ocrx_word' id='word_1_414' title='bbox 1319 2564 1387 2602; x_wconf 92' lang='lat' dir='ltr'>Qui</span> <span class='ocrx_word' id='word_1_415' title='bbox 1418 2564 1469 2596; x_wconf 87' lang='lat' dir='ltr'>eis</span> <span class='ocrx_word' id='word_1_416' title='bbox 1494 2564 1678 2605; x_wconf 87' lang='lat' dir='ltr'>praesunt,</span> <span class='ocrx_word' id='word_1_417' title='bbox 1710 2563 1775 2595; x_wconf 87' lang='lat' dir='ltr'>La·</span> <span class='ocrx_word' id='word_1_418' title='bbox 1836 2594 1839 2595; x_wconf 19' lang='lat'><em>⁷</em></span> 
     </span>
     <span class='ocr_line' id='line_1_40' title="bbox 193 2619 1840 2666; baseline -0.001 -12"><span class='ocrx_word' id='word_1_419' title='bbox 193 2623 266 2654; x_wconf 91' lang='lat' dir='ltr'>tine</span> <span class='ocrx_word' id='word_1_420' title='bbox 296 2622 554 2663; x_wconf 83' lang='lat' dir='ltr'>procuratores</span> <span class='ocrx_word' id='word_1_421' title='bbox 594 2621 767 2662; x_wconf 88' lang='lat' dir='ltr'>appellari</span> <span class='ocrx_word' id='word_1_422' title='bbox 798 2620 924 2652; x_wconf 90' lang='lat' dir='ltr'>solent.</span> <span class='ocrx_word' id='word_1_423' title='bbox 979 2619 1028 2653; x_wconf 82' lang='lat' dir='ltr'><strong>Cf.</strong></span> <span class='ocrx_word' id='word_1_424' title='bbox 1062 2620 1211 2652; x_wconf 88' lang='lat' dir='ltr'>Diatzko</span> <span class='ocrx_word' id='word_1_425' title='bbox 1244 2629 1278 2662; x_wconf 92' lang='lat' dir='ltr'>p.</span> <span class='ocrx_word' id='word_1_426' title='bbox 1306 2622 1383 2653; x_wconf 72' lang='grc'><strong>422.</strong></span> <span class='ocrx_word' id='word_1_427' title='bbox 1532 2623 1551 2652; x_wconf 86' lang='grc'>6</span> <span class='ocrx_word' id='word_1_428' title='bbox 1583 2620 1612 2651; x_wconf 92' lang='grc' dir='ltr'><strong>Α</strong></span> <span class='ocrx_word' id='word_1_429' title='bbox 1645 2619 1775 2653; x_wconf 90' lang='lat' dir='ltr'>studiis</span> <span class='ocrx_word' id='word_1_430' title='bbox 1838 2664 1840 2666; x_wconf 66' lang='lat'>‚</span> 
     </span>
    </p>
   </div>
   <div class='ocr_carea' id='block_1_13' title="bbox 193 2676 1830 2777">
    <p class='ocr_par' dir='ltr' id='par_1_14' title="bbox 193 2676 1830 2777">
     <span class='ocr_line' id='line_1_41' title="bbox 194 2676 1830 2728; baseline -0.002 -17"><span class='ocrx_word' id='word_1_431' title='bbox 194 2679 362 2711; x_wconf 86' lang='lat' dir='ltr'>Hadriani</span> <span class='ocrx_word' id='word_1_432' title='bbox 397 2678 560 2719; x_wconf 84' lang='lat' dir='ltr'>Augusti.</span> <span class='ocrx_word' id='word_1_433' title='bbox 609 2678 660 2710; x_wconf 89' lang='lat' dir='ltr'>De</span> <span class='ocrx_word' id='word_1_434' title='bbox 693 2678 762 2710; x_wconf 92' lang='lat' dir='ltr'>boc</span> <span class='ocrx_word' id='word_1_435' title='bbox 804 2676 932 2718; x_wconf 84' lang='lat' dir='ltr'>officio,</span> <span class='ocrx_word' id='word_1_436' title='bbox 966 2676 1065 2718; x_wconf 90' lang='lat' dir='ltr'>quod</span> <span class='ocrx_word' id='word_1_437' title='bbox 1096 2677 1266 2709; x_wconf 88' lang='lat' dir='ltr'>Claudius</span> <span class='ocrx_word' id='word_1_438' title='bbox 1302 2677 1503 2709; x_wconf 89' lang='lat' dir='ltr'>instituisse</span> <span class='ocrx_word' id='word_1_439' title='bbox 1539 2676 1694 2717; x_wconf 86' lang='lat' dir='ltr'>videtur,</span> <span class='ocrx_word' id='word_1_440' title='bbox 1731 2676 1774 2709; x_wconf 78' lang='lat' dir='ltr'>cf.</span> <span class='ocrx_word' id='word_1_441' title='bbox 1828 2726 1830 2728; x_wconf 16' lang='lat' dir='ltr'>v</span> 
     </span>
     <span class='ocr_line' id='line_1_42' title="bbox 193 2733 1772 2777; baseline -0.002 -8"><span class='ocrx_word' id='word_1_442' title='bbox 193 2738 326 2769; x_wconf 89' lang='lat' dir='ltr'>Seneca</span> <span class='ocrx_word' id='word_1_443' title='bbox 351 2736 454 2768; x_wconf 91' lang='lat' dir='ltr'>Cons.</span> <span class='ocrx_word' id='word_1_444' title='bbox 474 2735 519 2768; x_wconf 92' lang='lat' dir='ltr'>ad</span> <span class='ocrx_word' id='word_1_445' title='bbox 536 2734 662 2777; x_wconf 88' lang='lat' dir='ltr'>Polyb.</span> <span class='ocrx_word' id='word_1_446' title='bbox 683 2738 712 2767; x_wconf 87' lang='lat'><strong>6.</strong></span> <span class='ocrx_word' id='word_1_447' title='bbox 754 2735 896 2767; x_wconf 89' lang='lat' dir='ltr'>Sueton.</span> <span class='ocrx_word' id='word_1_448' title='bbox 915 2733 1037 2766; x_wconf 90' lang='lat' dir='ltr'>Claud.</span> <span class='ocrx_word' id='word_1_449' title='bbox 1056 2736 1110 2766; x_wconf 82' lang='lat'><strong>28.</strong></span> <span class='ocrx_word' id='word_1_450' title='bbox 1152 2734 1189 2766; x_wconf 94' lang='grc' dir='ltr'>Ο.</span> <span class='ocrx_word' id='word_1_451' title='bbox 1207 2733 1409 2766; x_wconf 83' lang='lat' dir='ltr'>Hirschfeld</span> <span class='ocrx_word' id='word_1_452' title='bbox 1431 2733 1568 2766; x_wconf 90' lang='lat' dir='ltr'>Unters.</span> <span class='ocrx_word' id='word_1_453' title='bbox 1590 2742 1656 2766; x_wconf 91' lang='lat' dir='ltr'>zur</span> <span class='ocrx_word' id='word_1_454' title='bbox 1673 2733 1772 2767; x_wconf 76' lang='lat' dir='ltr'>Rom.</span> 
     </span>
    </p>
   </div>
   <div class='ocr_carea' id='block_1_14' title="bbox 193 2790 1838 2893">
    <p class='ocr_par' dir='ltr' id='par_1_15' title="bbox 193 2790 1838 2893">
     <span class='ocr_line' id='line_1_43' title="bbox 193 2790 1831 2835; baseline -0.002 -9"><span class='ocrx_word' id='word_1_455' title='bbox 193 2792 654 2835; x_wconf 86' lang='lat' dir='ltr'>Verwaltungsgeschichte</span> <span class='ocrx_word' id='word_1_456' title='bbox 679 2793 693 2824; x_wconf 95' lang='grc' dir='ltr'>Ι</span> <span class='ocrx_word' id='word_1_457' title='bbox 718 2801 752 2834; x_wconf 91' lang='lat' dir='ltr'>p.</span> <span class='ocrx_word' id='word_1_458' title='bbox 771 2795 835 2823; x_wconf 76' lang='grc'>240</span> <span class='ocrx_word' id='word_1_459' title='bbox 862 2793 934 2824; x_wconf 92' lang='lat' dir='ltr'>not.</span> <span class='ocrx_word' id='word_1_460' title='bbox 954 2793 984 2823; x_wconf 95' lang='grc'>2.</span> <span class='ocrx_word' id='word_1_461' title='bbox 1025 2791 1061 2823; x_wconf 94' lang='lat' dir='ltr'><strong>L.</strong></span> <span class='ocrx_word' id='word_1_462' title='bbox 1078 2791 1307 2824; x_wconf 75' lang='lat' dir='ltr'>Friedlander</span> <span class='ocrx_word' id='word_1_463' title='bbox 1331 2790 1603 2832; x_wconf 85' lang='lat' dir='ltr'>Darstellungen</span> <span class='ocrx_word' id='word_1_464' title='bbox 1629 2799 1694 2824; x_wconf 86' lang='lat' dir='ltr'>aus</span> <span class='ocrx_word' id='word_1_465' title='bbox 1710 2790 1776 2823; x_wconf 87' lang='lat' dir='ltr'>der</span> <span class='ocrx_word' id='word_1_466' title='bbox 1829 2829 1831 2831; x_wconf 21' lang='lat'><strong><em>¹</em></strong></span> 
     </span>
     <span class='ocr_line' id='line_1_44' title="bbox 193 2847 1838 2893; baseline -0.002 -10"><span class='ocrx_word' id='word_1_467' title='bbox 193 2850 514 2892; x_wconf 85' lang='lat' dir='ltr'>Sittengeschichte</span> <span class='ocrx_word' id='word_1_468' title='bbox 538 2850 647 2882; x_wconf 87' lang='lat' dir='ltr'>Roms</span> <span class='ocrx_word' id='word_1_469' title='bbox 674 2849 710 2882; x_wconf 80' lang='lat'>16</span> <span class='ocrx_word' id='word_1_470' title='bbox 733 2858 768 2892; x_wconf 86' lang='lat' dir='ltr'>p.</span> <span class='ocrx_word' id='word_1_471' title='bbox 787 2851 851 2881; x_wconf 82' lang='grc'>408</span> <span class='ocrx_word' id='word_1_472' title='bbox 866 2857 943 2891; x_wconf 90' lang='lat' dir='ltr'>sqq.</span> <span class='ocrx_word' id='word_1_473' title='bbox 994 2849 1099 2881; x_wconf 90' lang='lat' dir='ltr'>Initio</span> <span class='ocrx_word' id='word_1_474' title='bbox 1125 2847 1245 2881; x_wconf 87' lang='lat' dir='ltr'>liberti</span> <span class='ocrx_word' id='word_1_475' title='bbox 1269 2847 1431 2880; x_wconf 88' lang='lat' dir='ltr'>Caesaris</span> <span class='ocrx_word' id='word_1_476' title='bbox 1455 2856 1498 2880; x_wconf 92' lang='lat' dir='ltr'>eo</span> <span class='ocrx_word' id='word_1_477' title='bbox 1523 2847 1774 2893; x_wconf 84' lang='lat' dir='ltr'>fungebantur,</span> <span class='ocrx_word' id='word_1_478' title='bbox 1832 2862 1838 2889; x_wconf 72' lang='lat' dir='ltr'>i</span> 
     </span>
    </p>
   </div>
   <div class='ocr_carea' id='block_1_15' title="bbox 193 2903 1835 2954">
    <p class='ocr_par' dir='ltr' id='par_1_16' title="bbox 193 2903 1835 2954">
     <span class='ocr_line' id='line_1_45' title="bbox 193 2903 1835 2954; baseline -0.002 -14"><span class='ocrx_word' id='word_1_479' title='bbox 193 2908 305 2940; x_wconf 91' lang='lat' dir='ltr'>altero</span> <span class='ocrx_word' id='word_1_480' title='bbox 331 2909 367 2940; x_wconf 92' lang='lat' dir='ltr'>et</span> <span class='ocrx_word' id='word_1_481' title='bbox 390 2908 498 2940; x_wconf 89' lang='lat' dir='ltr'>tertio</span> <span class='ocrx_word' id='word_1_482' title='bbox 526 2917 559 2950; x_wconf 87' lang='lat' dir='ltr'>p.</span> <span class='ocrx_word' id='word_1_483' title='bbox 584 2907 663 2940; x_wconf 84' lang='lat' dir='ltr'>Chr.</span> <span class='ocrx_word' id='word_1_484' title='bbox 688 2917 722 2939; x_wconf 92' lang='lat' dir='ltr'>n.</span> <span class='ocrx_word' id='word_1_485' title='bbox 748 2906 902 2939; x_wconf 88' lang='lat' dir='ltr'>saeculis</span> <span class='ocrx_word' id='word_1_486' title='bbox 927 2906 1069 2948; x_wconf 86' lang='lat' dir='ltr'>equites</span> <span class='ocrx_word' id='word_1_487' title='bbox 1094 2906 1257 2939; x_wconf 83' lang='lat' dir='ltr'>Romani.</span> <span class='ocrx_word' id='word_1_488' title='bbox 1376 2907 1394 2936; x_wconf 91' lang='grc'><strong>7</strong></span> <span class='ocrx_word' id='word_1_489' title='bbox 1425 2903 1479 2937; x_wconf 84' lang='lat' dir='ltr'>Ab</span> <span class='ocrx_word' id='word_1_490' title='bbox 1511 2905 1687 2947; x_wconf 84' lang='lat' dir='ltr'>epistulis.</span> <span class='ocrx_word' id='word_1_491' title='bbox 1725 2903 1776 2937; x_wconf 81' lang='lat' dir='ltr'>Cf.</span> <span class='ocrx_word' id='word_1_492' title='bbox 1829 2936 1835 2954; x_wconf 47' lang='lat'>5</span> 
     </span>
    </p>
   </div>
   <div class='ocr_carea' id='block_1_16' title="bbox 1827 2251 1858 3126">
    <p class='ocr_par' dir='ltr' id='par_1_17' title="bbox 1827 2251 1858 3126">
     <span class='ocr_line' id='line_1_46' title="bbox 1827 2251 1858 3126; baseline 0 0"><span class='ocrx_word' id='word_1_493' title='bbox 1827 2251 1858 3126; x_wconf 95' lang='lat' dir='ltr'> </span> 
     </span>
    </p>
   </div>
  </div>
 </body>
</html>
